2450 3975
276 137 349 214 Cop.
364 135 394 192 1.
410 134 455 193 De
466 130 680 212 satisfactione.
696 134 776 198 Dub.
790 137 818 196 1.
835 136 901 197 Art.
917 139 946 199 1.
1059 144 1112 203 ts!

100 256 187 319 equa.
205 240 237 301 2.
254 236 368 313 Siquis
382 231 526 312 jejunieb
547 235 578 293 S.
591 235 715 295 Ecclesia
736 235 844 297 indicta
867 237 1040 311 violaverit,
1054 258 1117 319 pm·

100 322 260 382 nitentium
280 329 345 399 eget
357 319 419 379 dies
433 318 539 394 viginti
552 318 584 377 in
596 336 673 397 panc
693 326 723 381 et
734 338 820 399 equa.
833 324 863 382 5.
879 322 935 396 Qui
945 324 975 383 in
989 324 1116 397 Quadra·

99 408 212 485 gesima
226 402 375 483 jejunium
399 402 575 475 violaverit,
594 421 650 481 pro
675 422 736 466 uno
758 406 806 466 die
830 408 1032 483 peonitentiam
1051 418 1116 489 aget

98 488 161 550 dies
176 501 303 570 septem.
323 490 353 548 1.
369 488 747 566 anuadregesimacarne
764 490 827 550 aine
839 490 1000 553 inevitabili
1017 510 1115 554 ueces-

98 575 186 635 sitate
205 592 343 643 vescens,
358 572 390 632 in
408 570 516 631 Pascha
539 590 600 633 nou
628 575 828 637 eommunicet
851 594 859 635 r
884 593 917 637 ac
936 587 1076 657 praeterea
1097 574 1114 639 i

98 678 188 722 carue
207 661 361 722 abstineat.

140 746 226 806 Circo
239 747 290 805 lV.
304 749 494 825 preceptum.
511 744 540 803 1.
556 744 614 818 Qui
629 744 801 823 parentibus
819 744 1025 820 maledixerit,
1041 766 1114 826 que·

97 830 233 910 draginta
249 828 311 889 dies
329 828 475 906 poenitens
492 828 531 889 sit
548 828 581 889 in
600 846 677 906 pene
696 840 725 891 11
746 848 832 908 aqua.
853 834 882 892 2.
897 832 954 906 Qui
978 842 1113 911 parentes

97 914 211 993 injurii
224 913 368 988 olfecerit,
390 921 450 971 tres
474 914 694 988 1111115.Ουί
711 916 910 993 percusserit,
931 934 1025 977 anuos
1046 936 1113 996 sep·

97 1011 171 1062 tem.
185 1000 215 1059 1.
230 998 337 1076 Siquis
352 1006 455 1057 eontra
468 1000 664 1077 Episcopum,
678 1010 843 1077 pastorem,
858 1011 886 1061 11
900 1011 1014 1080 patrem
1025 1020 1113 1063 suum

96 1082 357 1155 insurrexerit,in
370 1084 550 1143 monasterio
569 1084 709 1145 omnibus
725 1084 829 1146 diebus
848 1086 917 1147 vitae
937 1104 997 1147 suae
1018 1088 1113 1167 preni-

96 1171 223 1231 tentiam
236 1176 313 1247 aget.
329 1168 359 1226 11.
375 1168 405 1226 81
420 1167 490 1243 quis
499 1168 635 1247 Episcopi
649 1212 658 1240 ,
672 1178 723 1229 eut
741 1170 946 1232 ministrorum
965 1170 1050 1249 ejus,
1063 1172 1112 1232 vel

95 1253 218 1336 parochi
243 1254 288 1313 sui
309 1263 453 1331 praecepta
476 1254 709 1332 contempserit,
730 1256 779 1317 vel
805 1255 950 1329 irriserit,
964 1258 1112 1337 poeuiteu·

95 1345 170 1403 tium
184 1348 250 1419 aget
263 1337 377 1397 111110
390 1339 421 1397 in
436 1356 511 1415 panc
523 1348 554 1397 et
566 1358 653 1416 uque.

138 1425 224 1487 Circo
237 1425 274 1483 V.
288 1430 477 1503 preceptum.
500 1424 530 1483 l.
544 1424 600 1496 Qui
617 1424 822 1503 presbyterum
841 1426 998 1497 occiderit,
1013 1426 1110 1505 poeni·

96 1516 159 1571 teat
173 1510 211 1569 le
224 1509 319 1566 annis.
335 1510 363 1565 2.
378 1508 409 1566 Si
432 1509 499 1585 quis
509 1518 624 1587 patrem
639 1553 647 1582 ,
663 1518 713 1568 aut
735 1520 878 1582 matrem,
898 1513 1039 1583 fratrem,
1059 1522 1111 1571 aut

95 1610 231 1657 sororem
249 1592 408 1664 occiderit,
422 1599 486 1653 toto
499 1595 642 1653 vitaesuoe
660 1605 794 1674 tempore
814 1615 874 1657 nou
888 1598 1027 1676 suscipiat
1044 1616 1110 1657 eor·

94 1699 152 1760 pus
168 1678 310 1749 Domini,
325 1676 381 1737 nisi
402 1678 434 1737 in
448 1677 553 1752 obitu,
570 1680 714 1740 abstineat
727 1679 743 1738 1
757 1698 863 1751 carne,
881 1691 911 1743 11
925 1684 996 1742 vino
1005 1727 1014 1757 ‚
1037 1680 1110 1741 dum

95 1765 223 1834 vixerit,
230 1761 345 1840 jejunet
360 1762 509 1835 secundi,
524 1770 555 1823 et
567 1764 693 1841 quarti,
713 1767 836 1825 1111111
853 1767 935 1827 11111.
951 1768 979 1827 5.
996 1768 1026 1827 81
1044 1769 1110 1844 quis

96 1846 424 1920 111111111111111111,
446 1847 484 1907 ad
503 1846 626 1924 januam
650 1850 785 1911 Ecclesiae
804 1868 919 1929 semper
936 1852 1012 1924 1111,
1033 1852 1109 1911 1111

95 1936 181 1996 obitu
201 1933 440 1994 communionem
460 1934 594 2013 recipiet.
620 1936 650 1995 1.
673 1936 730 2009 Qui
750 1934 1108 2008 11111111111111111111,

96 2021 137 2082 ob
149 2019 305 2081 consilium
326 2018 405 2097 quod
418 2020 520 2093 dedit,
539 2022 744 2098 poeniteutiam
757 2030 822 2102 aget
845 2023 885 2086 10
900 2023 962 2085 dies
981 2025 1011 2085 in
1034 2043 1110 2106 pauc

95 2117 127 2167 ct
147 2113 241 2182 aqua,
263 2121 332 2163 eum
353 2112 466 2182 septem
484 2105 675 2182 sequentibus
702 2108 799 2167 anuis.
823 2107 852 2166 b.
877 2107 978 2186 Siqua
1001 2111 1109 2170 mulier

94 2198 200 2270 sponte
221 2187 358 2248 abortum
378 2189 480 2249 iecerit
493 2233 502 2262 ‚
516 2191 721 2268 poenitentium
737 2200 802 2269 aget
821 2209 913 2251 anuos
932 2201 1009 2268 tres3
1021 2195 1046 2253 si
1060 2214 1109 2256 uo·

94 2277 178 2345 lens,
192 2272 429 2351 quadragesimus
454 2282 524 2334 tres.
541 2277 571 2334 1.
592 2275 650 2349 Qui
672 2275 775 2334 nolens
794 2274 890 2334 filium
912 2279 1107 2355 oppresserit,

94 2363 299 2445 poenitentiam
319 2373 385 2441 eget
397 2365 459 2423 dies
472 2365 559 2424 1011
578 2382 654 2442 pane
670 2373 698 2424 11
722 2383 814 2442 aqua,
829 2366 957 2426 oleribus
974 2385 1007 2426 uc
1028 2369 1110 2448 legu-

95 2450 244 2512 minibus:
261 2448 419 2509 abstinebit
436 2449 474 2508 ab
489 2467 581 2509 uxore
601 2449 664 2510 dies
679 2449 815 2510 totidem.
831 2450 945 2511 Deinde
964 2454 1108 2530 poenitens

94 2535 153 2597 erit
164 2545 324 2595 tresannos
341 2551 395 2611 per
408 2533 553 2612 legitimas
564 2535 668 2595 ferias:
690 2543 750 2594 tres
764 2543 905 2612 praeterea
921 2537 1108 2616 quadragesi·

94 2638 158 2681 mas
172 2619 203 2677 in
216 2635 295 2677 auno
305 2617 485 2678 observabit.
498 2620 529 2679 7.
545 2619 602 2693 Qui
614 2619 730 2679 sceleris
742 2620 906 2679 occultandi
918 2622 1000 2682 causi
1012 2623 1107 2685 filium

94 2704 230 2775 necavit,
250 2703 456 2779 poenitentiam
475 2713 541 2781 aget
553 2722 645 2763 anuos
660 2703 772 2763 decem.
785 2705 815 2762 8.
831 2705 861 2763 Si
878 2705 943 2781 quis
964 2725 1017 2784 per
1030 2709 1106 2768 iram

93 2788 240 2857 subitam,
263 2794 314 2845 eut
332 2803 386 2864 per
401 2787 497 2846 rixam
510 2786 662 2848 hominem
678 2787 810 2858 necarit,
825 2789 1029 2867 poenitentiam
1042 2800 1107 2870 aget

93 2888 189 2932 annos
209 2879 279 2930 tres.
302 2870 330 2929 0.
345 2871 375 2929 81
400 2872 468 2948 quis
486 2872 616 2948 aliquem
631 2873 851 2944 vulneraverit,
872 2873 919 2934 vel
935 2875 965 2934 ei
987 2876 1106 2955 aliquod

94 2954 264 3014 membrum
291 2955 476 3032 praeciderit,
500 2957 704 3035 poeniteutiam
723 2965 791 3035 aget
809 2976 903 3018 unum
924 2976 1036 3020 anuum
1053 2979 1107 3038 per

93 3040 240 3117 legitimas
253 3038 349 3098 111111.
365 3041 414 3098 10.
429 3039 459 3098 81
476 3044 544 3118 quis
562 3041 654 3107 ictum
675 3043 811 3119 proximo
836 3043 971 3116 dederit,
986 3061 1041 3104 nec
1053 3063 1106 3104 uu·
1198 3039 1203 3048 ’

93 3123 205 3192 cuerit,
221 3120 313 3180 tridui
328 3124 534 3201 poeniteutiam
552 3133 618 3202 aget
633 3125 664 3183 in
680 3144 756 3202 pane
776 3134 805 3186 et
824 3145 910 3204 aque.
962 3141 964 3148 ·

134 3205 221 3266 Circo
230 3207 282 3266 Vl.
291 3214 482 3287 precaeptum.
496 3211 525 3267 1.
540 3209 570 3267 81
580 3209 672 3268 laicus
687 3211 800 3269 solutus
809 3210 1002 3270 cumloeminu
1011 3212 1105 3273 soluta

92 3290 304 3362 concubuerit,
321 3287 469 3368 paenitens
484 3293 544 3352 erit
563 3302 624 3353 tres
643 3312 747 3354 anuos.
768 3295 797 3354 1.
819 3293 876 3366 Qui
900 3295 1104 3374 turpiloquio,

92 3383 271 3454 aspectuque
287 3374 433 3454 polluitur
451 3379 638 3456 negligens...
656 3377 860 3455 poenitentiam
883 3386 949 3456 aget
971 3382 1011 3440 20
1031 3381 1103 3440 dies.

93 3461 124 3520 5.
140 3459 198 3532 Qui
211 3476 279 3517 eum
292 3476 385 3518 uxore
396 3478 449 3519 sua
471 3463 598 3540 turpiter
611 3461 822 3534 concubuerit,
837 3463 983 3540 poenitens
995 3465 1052 3525 erit
1064 3467 1102 3526 10

91 3541 814 3618 (1111.10111111111111111111111111111111111
828 3547 937 3620 suerit,
951 3548 1100 3610 sutilium
