2450 3975
125 195 185 256 202
360 191 426 254 tto.
439 193 468 252 6.
485 193 582 254 Tenet.
594 193 624 252 3.
634 193 679 254 De
692 188 894 254 Eucboristio.

123 291 269 359 nobilium
277 311 475 376 personarum
483 293 612 376 privatis
624 293 778 366 oratoriis,
788 292 949 376 quiescetis
960 292 1141 376 mundoque

122 399 159 442 ex
177 379 275 444 causis
286 383 306 441 d
318 379 390 442 Sede
402 378 563 462 apostolico
577 377 694 441 concedi
709 375 821 451 soient,
842 375 985 441 celebrere
1003 379 1137 458 cudent,

122 462 168 526 oei
181 460 284 544 piures
300 464 427 541 missos,
441 464 532 544 quine
547 462 629 524 iniis
646 465 688 526 sit
698 460 849 524 indultum
859 505 867 536 ,
879 458 926 522 oei
943 461 1053 544 ubsque
1061 483 1140 545 prce·

119 547 217 610 sentio
229 567 440 630 personarum,
453 565 583 628 quomens
596 544 839 629 contemplatione
857 547 998 609 concessio
1012 567 1138 608 mneno-

121 635 184 710 oit,
202 631 249 694 oei
265 641 349 694 extro
367 631 479 696 debitas
498 629 588 694 bores
599 641 630 692 et
643 639 712 712 post
722 627 874 692 rneridiern
880 676 891 708 ,
907 627 954 692 oei
972 627 1034 692 iilis
1044 632 1136 694 ctione

122 716 359 799 diebus,quiius
376 733 430 797 per
450 716 679 778 constitutiones
690 713 871 776 diocesanos
883 759 891 790 ,
905 722 960 776 out
975 715 1066 776 etiam
1083 713 1136 776 de-

122 811 201 864 creto
219 805 252 866 S.
272 804 306 863 0.
331 799 456 863 Consilii
473 798 614 863 mlebrari
631 800 820 888 prohibetur,
843 809 898 861 out
914 819 981 882 quse
999 801 1034 861 in
1058 799 1136 881 ipsis

123 885 249 950 induitis
271 882 437 968 apostoliens
452 883 652 968 recipiuntur.
670 885 783 947 Deinde
803 885 989 948 declaratur:
1003 887 1044 946 1n
1064 900 1135 946 oro·

123 972 207 1035 teriia
221 971 368 1054 privetis,
385 987 453 1051 qum
466 971 561 1054 pers.
573 969 673 1033 &dem
683 979 815 1034 concesso
828 968 963 1052 funins,
976 987 1037 1032 non
1048 967 1135 1032 ttecre

122 1054 307 1138 repuleribus
326 1055 457 1136 cujusvis
472 1054 605 1129 ordinis,
622 1064 677 1118 out
695 1052 766 1118 otiis
785 1055 1014 1137 quibuscumque
1037 1071 1134 1117 secer·

122 1139 256 1218 dotibus,
280 1140 400 1203 etiamsi
414 1139 679 1223 essentEpiscopi,
702 1139 737 1200 iu
760 1139 799 1202 iis
815 1135 955 1202 celebrere
977 1139 1012 1200 in
1032 1137 1132 1202 diebus

125 1225 296 1304 Poscbotis,
309 1229 509 1300 Pentecostes,
528 1223 706 1288 Natiuitatis
722 1224 833 1287 Christi
844 1223 989 1303 Domini,
1006 1221 1133 1305 aliisque

122 1311 200 1372 anni
214 1309 299 1393 sestis
316 1308 558 1388 solemnioribus,
578 1330 613 1371 oc
630 1309 731 1371 diebus
746 1308 781 1370 in
794 1305 910 1372 indulto
921 1310 1132 1391 exeeptis...1n

123 1392 247 1474 reliquis
269 1399 338 1459 vero
356 1395 458 1458 diebus
478 1393 631 1478 predictis
661 1391 865 1474 sequioribus,
886 1401 916 1454 et
936 1392 1132 1456 sacerdotibus

123 1480 370 1561 quibuscumque,
383 1481 474 1540 ctione
481 1479 649 1560 Episcopis,
660 1477 693 1540 in
699 1477 838 1560 prefatis
844 1477 983 1542 oratoriis
991 1476 1132 1542 celebrere

123 1582 185 1626 uon
203 1561 305 1642 licere,
319 1562 373 1625 ubi
390 1564 481 1624 ctione
498 1564 589 1623 unica
603 1563 716 1637 misso,
733 1581 800 1643 qum
820 1562 855 1624 in
873 1559 989 1624 indulto
1007 1563 1133 1626 conseedi·

125 1656 190 1724 tur,
203 1646 295 1729 {uerit
306 1645 448 1710 celebrato
459 1670 470 1709 e
483 1664 642 1728 superque
655 1644 850 1710 roboraturus
863 1655 996 1708 teneatur
1006 1645 1132 1730 diiiyen·

125 1742 170 1796 ter
184 1735 350 1816 inquirere,
363 1743 391 1821 et
401 1733 437 1795 de
448 1751 481 1795 eo
493 1751 523 1794 se
543 1733 651 1815 optimi
668 1730 842 1814 insonuere.
856 1733 951 1812 Atque
969 1728 1024 1793 illo
1041 1735 1132 1796 ctione

125 1819 160 1881 iu
175 1819 292 1881 casibus
303 1818 456 1900 penuissis
472 1813 611 1878 celebrari
622 1826 747 1898 nequeat
755 1825 823 1901 post
834 1814 1003 1894 meridiem
1015 1815 1132 1880 mman-

123 1901 222 1966 dcndo
233 1901 358 1965 ulterius
371 1903 405 1962 in
418 1903 553 1965 omnibus
570 1901 740 1983 huiuamodi
754 1902 867 1966 ensibus
877 1946 885 1976 ‚
897 1920 1038 1984 personas
1067 1922 1133 1966 uns·

122 2005 245 2067 cumque
258 1987 352 2050 dictos
372 1986 479 2051 messos
493 1985 644 2051 audientes
660 1985 831 2051 nottatenos
840 1994 983 2071 precepto
995 1921 1131 2052 Eudesice

121 2071 308 2155 satisfecere,
322 2081 375 2134 etc.

162 2163 204 2220 lix
217 2177 276 2239 quo
288 2159 445 2220 deducitur
455 2163 485 2220 1.
497 2159 650 2240 prohiberi
664 2160 821 2223 celebratio
833 2160 864 2221 in
875 2160 1010 2223 oratoriis
1029 2161 1130 2240 priva-

123 2248 162 2311 tis
175 2264 236 2308 non
248 2244 344 2307 solium
357 2228 406 2306 die
415 2243 562 2307 Pascbotis
572 2290 581 2319 ‚
593 2248 793 2319 Pentecostes,
804 2248 871 2307 Nat.
881 2244 988 2306 Christi
997 2246 1129 2321 Domini,

124 2342 159 2395 ut
176 2332 354 2411 exprimitur
370 2331 402 2391 iu
419 2330 556 2403 decreto,
573 2332 723 2393 sedetiam
737 2330 769 2391 in
788 2330 837 2392 dic
850 2329 1035 2410 Epiphaniae,
1048 2332 1131 2393 ierim

124 2419 235 2497 quintae
245 2417 276 2477 iu
288 2416 501 2477 CoeuaDomini
512 2462 520 2488 ,
530 2417 790 2490 denuntiationis,
803 2416 1001 2487 Ascensiouis‚
1015 2416 1131 2477 Assum·

123 2503 234 2583 ptionis
258 2502 291 2561 B.
309 2500 409 2560 Marios
430 2502 482 2572 V.,
502 2503 575 2562 testo
592 2504 644 2562 SS.
666 2501 746 2562 Petri
774 2510 804 2561 et
827 2500 928 2571 Pauli,
947 2510 977 2562 et
995 2502 1132 2567 omnium

124 2593 300 2651 Sanctorum
313 2631 321 2657 ‚
334 2585 418 2665 juxta
432 2587 583 2648 decretum
600 2590 631 2648 S.
645 2590 678 2648 C.
693 2588 754 2647 uic.
767 2587 880 2647 editum
894 2587 941 2648 17.
956 2589 1031 2649 Nos.
1041 2588 1128 2649 1607.

124 2676 214 2756 (apud
224 2675 338 2735 Meroti
349 2674 383 2734 in
394 2672 496 2735 Iudice
515 2682 537 2735 t.
555 2675 584 2734 1.
597 2692 629 2754 p.
645 2676 675 2735 2.
689 2693 721 2735 n.
735 2672 797 2753 71.)
824 2672 908 2748 eujus
926 2672 1061 2735 meminit
1073 2668 1131 2733 Cle

124 2778 207 2821 mens
227 2760 289 2819 XI.
312 2760 344 2819 in
368 2760 449 2820 decr.
470 2758 557 2838 suprb
578 2762 678 2819 citato.
700 2758 921 2819 Advertendum
941 2768 1038 2817 tamen
1061 2776 1131 2818 oum

125 2842 213 2906 droia
229 2861 260 2901 n.
274 2844 342 2906 271.
358 2844 386 2902 1.
403 2841 482 2922 quod
502 2843 552 2903 ubi
574 2844 632 2903 tais
653 2844 815 2903 oratorium
831 2850 1050 2902 eoncessumest
1060 2860 1130 2921 pro-

123 2938 189 3009 pter
206 2926 430 2999 infirmitatem,
452 2936 549 3006 potest
567 2928 706 2989 omnibus
732 2927 853 2994 diebus,
872 2927 960 2985 etiem
983 2929 1131 3003 exeeptis,

122 3014 163 3077 ibi
186 3011 350 3085 celebrari3
371 3012 461 3070 etsie
480 3012 611 3072 decrevit
634 3014 665 3071 S.
683 3012 715 3070 G.
738 3018 772 3068 ut
790 3009 880 3069 refert
904 3010 941 3069 P.
962 3008 1133 3073 lucenaria

122 3095 204 3179 opud
216 3094 304 3157 Croie
315 3090 338 3153 1.
353 3096 383 3153 6.
400 3112 435 3175 p.
449 3096 479 3155 2.
491 3115 525 3155 n.
535 3097 605 3155 271.
619 3096 778 3155 decernens
794 3094 930 3169 insuper,
946 3090 1026 3170 qubd
1036 3092 1067 3154 in
1081 3096 1132 3159 die

123 3181 289 3246 Natiuitatis
310 3178 431 3239 Domini
450 3196 509 3239 uua
529 3178 647 3239 tautum
661 3178 748 3238 missa
766 3176 808 3235 ibi
825 3175 999 3237 celebretur.
1017 3177 1132 3241 Adver-

125 3269 248 3329 tcndum
267 3268 297 3327 2.
316 3262 395 3343 qubd
421 3262 478 3325 hoc
496 3262 634 3344 procedit·
651 3258 767 3323 tairtbm
784 3261 816 3321 in
832 3262 968 3323 oratoriis
987 3262 1129 3341 privatis,

36 3414 38 3418 ,
124 3352 185 3412 non
207 3348 279 3411 verb
299 3349 424 3428 publicis
444 3348 482 3409 de
497 3348 615 3410 lieentia
640 3345 774 3425 Episcopi
794 3345 973 3419 benedictis,
995 3355 1028 3406 ut
1041 3348 1130 3422 suprb

123 3435 271 3507 diximus,
287 3434 442 3512 inquibus
463 3435 544 3496 omni
564 3434 613 3493 die
631 3433 718 3493 etiam
737 3430 907 3491 solemniori
923 3431 1063 3493 celebrari
1077 3451 1130 3512 po«,

123 3522 198 3585 test,
214 3524 248 3571 ut
269 3526 350 3589 patet
369 3536 405 3577 ex
421 3520 540 3581 decreto
559 3521 590 3581 S.
614 3520 648 3581 C.
672 3518 707 3579 R.
721 3516 750 3579 5.
773 3517 922 3599 Septemb.
946 3518 1032 3579 1671.
1051 3518 1129 3597 apud

124 3592 279 3651 Meeotiin
291 3597 390 3658 Indice
402 3620 435 3660 n.
449 3604 518 3661 592.
600 3658 604 3665 .
