2450 3975
143 169 145 174 '
216 173 290 256 cap.
302 173 331 237 5.
343 172 389 235 De
401 166 834 256 testamenmentum.
852 171 932 243 Det.
949 174 980 235 5.
1059 174 1116 241 489

109 276 161 337 45.
183 274 354 352 opinionem
368 274 538 354 aliquorum
560 272 775 337 affirmantium
798 291 881 354 posse
900 271 1062 353 paroehum
1084 276 1118 336 in

107 360 157 421 die
177 358 279 425 festive
298 357 449 423 nistrare
467 359 626 418 secundam
647 358 766 421 missam
788 376 842 436 pro
871 357 1009 423 defuncto
1039 378 1117 437 proe·

106 453 191 507 sente
209 444 350 506 cadavere
363 487 371 512 .
387 461 425 505 ex
441 462 467 507 c.
482 440 666 505 Gornnlnisti
674 488 683 515 ‚
705 442 741 505 de
756 440 857 505 celebr.
870 441 952 505 66466.
973 444 1025 506 uhi
1041 444 1116 509 dici-

107 542 158 592 tnr
177 532 332 611 :Excepto
355 527 403 592 die
430 526 609 589 Natiuitatis
632 527 775 605 Domini,
802 527 863 588 nisi
886 544 1002 589 sernum
1024 544 1115 591 censo

105 614 287 677 necessitatis
300 614 441 685 suadem,
455 610 585 694 sufficiet
601 612 745 675 sacerdoti
762 608 850 675 semel
860 612 893 672 in
902 612 949 674 die
963 608 1112 678 celebrere.

104 702 143 761 Et
152 701 251 771 Glosse
261 720 292 762 o.
302 698 513 773 Necessitatis,
530 697 603 759 dicit
618 720 625 758 :
642 700 677 761 Si
685 697 840 761 celebrauit
854 696 890 763 de
905 696 952 758 die
963 740 972 769 ,
984 704 1114 778 potestel

102 782 200 845 oliam
216 785 341 847 mnsam
358 784 451 846 dicere
472 803 527 864 pro
551 781 699 863 66466646.
723 787 759 844 nt
774 783 850 855 hane
872 783 1043 861 opinionem
1061 781 1115 842 ad·

101 868 186 930 misit
200 868 312 931 Bened.
329 871 425 931 Xlll.
442 867 477 928 in
489 868 582 929 Seres.
597 872 626 930 6.
650 866 686 929 de
703 870 797 951 Pnrp.
816 867 904 930 modii
921 865 1054 929 sacerdos
1074 867 1113 931 sit

97 951 222 1031 jejunus
234 976 244 1029 ς
256 963 286 1015 64
300 973 361 1015 666
377 954 417 1014 sit
428 954 503 1013 alius
516 997 524 1023 ,
537 952 589 1031 qui
601 972 656 1031 pro
669 952 805 1015 defuncto
823 952 960 1014 celebret.
975 952 1113 1013 Attamen

101 1037 185 1098 idem
203 1036 379 1101 Benedictus
392 1038 499 1098 deinde
518 1040 550 1097 in
562 1034 685 1100 indulto
713 1035 878 1101 celebrandi
904 1045 961 1099 tres
982 1039 1108 1107 mesos,

99 1132 160 1187 ote.
183 1122 361 1201 incipiente,
393 1120 478 1199 Qnod
502 1121 656 1202 expensis,
682 1122 751 1183 dato
772 1121 827 1183 sub
849 1121 897 1182 die
917 1123 966 1183 46.
987 1120 1110 1201 Augusti

100 1226 183 1269 anno
209 1209 298 1270 4748.
319 1206 420 1288 (Vide
445 1209 479 1269 in
506 1204 670 1285 Bellorio.)
691 1207 733 1267 ibi
764 1207 796 1265 in
818 1206 846 1287 ς.
867 1208 1003 1277 Novem,
1034 1207 1111 1267 eirca

98 1292 195 1353 finem
221 1292 405 1365 declaravit,
428 1301 523 1353 stante
547 1290 628 1370 quiid
652 1292 796 1371 parochus
823 1297 920 1370 potest
951 1289 1108 1369 aliquando

97 1378 221 1439 missam
238 1397 293 1457 pro
316 1378 427 1457 populo
451 1380 484 1439 in
504 1378 659 1440 Dominica
675 1375 879 1439 celebrandam
897 1375 1054 1437 transferre
1076 1375 1109 1439 in

70 1477 75 1481 ’
97 1462 182 1523 diem
205 1462 280 1523 inira
300 1461 541 1534 hebdomadam,
557 1461 685 1540 ampliiue
700 1480 762 1522 non
786 1460 918 1541 permitti
944 1460 1003 1522 duo
1028 1478 1109 1521 saera

94 1546 132 1608 in
151 1546 254 1607 eadem
278 1548 432 1607 Dominica
450 1564 599 1626 peregere.
623 1548 690 1607 Haec
721 1555 791 1607 sunt
811 1544 901 1607 verba
927 1544 1104 1606 Pontifieis:

94 1629 202 1711 Nepae
214 1633 282 1694 oerd
300 1630 361 1693 lewe
383 1630 417 1693 in
432 1631 604 1712 praeseretid
624 1630 707 1693 nobis
725 1637 1008 1703 connecterentur,
1021 1629 1110 1709 qnasi

2 1745 4 1764 ·
95 1732 179 1778 nnnc
197 1715 289 1775 etiarn
311 1724 454 1795 presente
472 1714 612 1776 cedooere
630 1713 698 1775 dnae
722 1714 819 1775 missor
844 1712 882 1775 ob
899 1712 997 1774 eodem
1012 1730 1108 1775 socer·

94 1799 163 1863 dote
183 1797 324 1861 celebrari
333 1798 546 1881 possint,einn
556 1797 651 1879 juste
664 1797 838 1860 hodiernnne
864 1795 1053 1879 disciplinam
1069 1796 1108 1861 li·

94 1878 163 1949 cedt
177 1882 483 1964 emensieniensi
502 1884 596 1945 mnsd
611 1882 647 1945 de
663 1882 727 1956 die,
740 1883 862 1947 coissent
879 1882 1104 1968 proditionem,

93 1970 124 2034 si
134 1985 270 2055 proesnrs
280 1967 454 2049 sitcorpns‚
470 1987 538 2030 cnm
552 1976 643 2030 centn
663 1964 814 2032 celebrere.

138 2081 153 2111 u
173 2056 204 2118 5.
219 2054 249 2114 Si
265 2072 422 2116 concursus
435 2055 535 2133 populi
552 2057 590 2116 sit
602 2063 717 2128 tantus,
729 2065 762 2116 ut
772 2056 895 2118 Ecclesia
915 2073 975 2119 non
989 2057 1102 2140 capiat,

93 2169 111 2200 ι
132 2150 170 2202 64
191 2139 282 2200 hahet
295 2141 402 2220 Layrn.
423 2137 445 2199 l.
466 2143 495 2200 5.
507 2147 528 2200 4.
543 2142 571 2202 5.
580 2159 606 2202 c.
621 2143 650 2201 4.
667 2161 700 2202 n.
716 2143 745 2202 6.
762 2140 835 2205 Vide
849 2142 881 2202 G.
897 2141 932 2203 de
944 2143 1027 2222 Lupo
1043 2139 1102 2203 lc.

93 2252 110 2284 ι
132 2229 189 2289 etsi
209 2235 281 2286 tunc
305 2223 405 2304 potiris
440 2225 575 2306 expediat
605 2227 754 2287 celebrare
779 2235 871 2288 extra.
893 2249 907 2281 n
931 2225 1021 2304 (Cone
1036 2223 1105 2288 snt·

92 2320 189 2376 mont.
206 2318 243 2372 tr.
257 2313 286 2371 5.
300 2328 326 2371 c.
340 2311 371 2370 4.
384 2329 416 2390 p.
437 2313 467 2371 4.
483 2329 515 2372 n.
529 2313 580 2372 44.
593 2311 683 2374 Suae.
700 2313 771 2373 Cen.
788 2307 858 2373 Pol.
869 2309 936 2390 etc.)

136 2425 152 2455 a
172 2392 203 2460 4.
224 2397 255 2458 Si
271 2403 339 2456 ante
353 2395 536 2458 ablutionem
559 2407 718 2458 moneatur
736 2397 774 2458 de
793 2397 1039 2461 communicando
1060 2397 1104 2462 in·
1178 2393 1181 2398 ’

91 2509 108 2542 ι
129 2483 240 2555 firmo,
263 2491 295 2542 et
315 2498 400 2541 suam
423 2479 485 2558 jam
520 2480 647 2542 hostiam
669 2482 856 2561 sumpserit,
879 2499 934 2542 nee
964 2484 1004 2546 sit
1027 2483 1102 2543 alius

92 2593 107 2626 s
129 2567 278 2630 sacerdos.
292 2562 374 2646 Splo.
387 2567 466 2627 Noe.
487 2565 544 2626 Sed
556 2583 656 2627 msam
676 2583 739 2627 esse
757 2564 1011 2644 metaphysieum,
1030 2567 1102 2628 dicit

91 2678 106 2710 ι
131 2647 303 2714 Cardinde
315 2651 397 2729 Lupo
413 2647 445 2710 d.
464 2651 514 2712 20.
534 2668 566 2711 n.
588 2651 639 2711 44.
661 2672 675 2701 u
699 2648 773 2726 (Ant
791 2647 844 2708 ein
863 2648 1043 2730 practicen,
1066 2659 1102 2714 nt

68 2769 72 2772 ·
89 2736 187 2802 Solet.
201 2734 274 2805 ibid.
294 2753 327 2795 n.
342 2732 405 2812 46.)
600 2733 602 2737 ’

134 2847 150 2878 a
169 2823 201 2884 5.
220 2820 252 2882 Si
267 2820 316 2882 die
337 2820 412 2881 leste
430 2819 569 2881 adveniat
590 2835 737 2899 persona,
758 2837 833 2900 quas
857 2837 918 2884 non
936 2821 1037 2886 decent
1052 2826 1099 2888 Sa·

90 2934 104 2965 a
128 2925 216 2969 crum
228 2906 383 2975 omittere,
394 2923 424 2965 v.
437 2924 467 2984 g.
481 2923 554 2977 rex,
567 2914 620 2966 aut
636 2905 781 2984 princeps.
804 2931 817 2960 ι
834 2904 906 2986 (rint
922 2911 1098 2992 Episcopus,

88 3002 125 3056 et
138 2998 237 3054 tenent
247 2991 280 3052 S.
302 2990 413 3051 Antan.
428 2992 521 3052 llnct.
540 2987 608 3050 Dic.
626 3009 677 3073 ep.
692 2985 784 3051 Satn.
796 2989 868 3054 ilrid.
881 3013 913 3055 n.
931 2995 979 3056 te.
996 3004 1099 3057 contre

91 3081 165 3142 Con.
181 3079 272 3156 Vcsq.
283 3083 313 3137 et
322 3077 397 3156 an.
413 3075 468 3154 qni
482 3072 667 3158 prolatilids
682 3077 781 3159 quood
792 3096 890 3140 ornnes
903 3078 955 3140 lrec
964 3081 1096 3160 nepent),

93 3191 107 3221 ι
127 3160 265 3242 quamvis
282 3157 335 3220 hie
346 3159 470 3220 ultimus
495 3159 610 3222 dicatur
631 3180 692 3222 non
711 3181 773 3230 esse
792 3163 825 3224 in
847 3181 914 3222 usu.
933 3161 1006 3225 Vide
1017 3165 1095 3227 Bon.

86 3274 102 3306 s
124 3247 158 3312 d.
172 3248 204 3306 4.
220 3264 251 3325 q.
267 3240 323 3306 nit.
335 3263 369 3327 p.
384 3243 412 3303 7.
424 3262 457 3305 n.
471 3245 501 3305 9.
517 3245 549 3306 G.
560 3243 596 3306 de
608 3239 691 3328 ano
703 3242 724 3306 l.
742 3264 768 3307 c.
782 3253 810 3306 et
829 3247 934 3326 taym.
948 3251 970 3304 4.
988 3247 1017 3306 5.
1028 3265 1053 3307 6.
1065 3251 1095 3312 4.

87 3362 102 3392 s
129 3328 269 3396 Coninelr.
287 3328 382 3390 Dian.
398 3347 431 3409 p.
455 3331 485 3392 2.
509 3337 531 3391 4.
557 3332 605 3392 44.
627 3350 655 3391 r.
670 3331 733 3402 65,
754 3330 807 3391 ubi
822 3327 902 3389 recte
921 3339 1043 3408 monet,
1064 3335 1096 3398 in

87 3446 102 3476 ι
125 3417 174 3480 his
196 3413 335 3476 omnibus
359 3414 572 3495 attendendum
603 3415 641 3476 ad
655 3415 725 3478 ,loci
743 3411 1007 3489 consuetudinem,
1030 3437 1096 3497 qum

50 3579 54 3582 ἢ
87 3531 101 3560 t
124 3497 189 3565 leri
207 3515 311 3560 omnes
324 3515 404 3560 nunc
415 3499 577 3562 sustulerit.
600 3521 614 3554 s
639 3491 897 3577 [dictione-Solen.
911 3495 982 3564 ibid.
998 3501 1092 3585 infin.

85 3603 154 3651 cens
170 3577 398 3663 Benetoliis).
962 3630 965 3634 .
