2450 3975
134 192 194 255 180
207 250 210 255 .
319 222 333 247 ο
366 188 431 255 tet.
444 191 473 251 6.
489 191 587 252 Itcct.
602 191 632 251 5.
648 190 693 251 De
705 187 910 251 Eacdcn'ata'c.

132 309 288 366 aarncam‚
305 308 373 371 qun
393 308 455 352 non
471 288 535 368 jam
550 289 727 369 intelligitur
744 300 829 351 crtus
843 288 930 365 eolis,
948 288 999 351 aad
1025 297 1142 369 tempus

130 378 204 441 illud
216 377 296 457 quod
305 374 486 439 estmadium
494 375 696 436 interneciem
708 384 738 435 et
746 374 836 437 diem.
846 375 921 437 Hinc
931 375 1036 437 dicunt
1046 373 1141 438 Sclm.

128 475 172 529 tr.
191 469 220 526 t.
236 484 263 526 c.
274 464 304 525 1.
313 482 345 547 p.
361 464 390 523 1.
403 480 435 523 ιι.
448 462 510 537 55,
524 461 641 522 licitum
656 478 719 521 csse
731 459 871 523 inchoare
883 462 1001 522 missam
1014 460 1075 523 leri
1088 481 1143 543 pcr

8 565 9 568 ’
131 552 204 614 duas
222 549 311 611 baras
326 554 396 608 ante
410 555 511 607 crtum
527 544 617 607 solis:
636 546 687 607 sed
701 546 807 607 melitis
820 545 904 624 ajunt
918 544 1040 607 Craicl.
1057 549 1088 607 e.
1103 567 1141 631 p.

129 639 159 699 1.
172 636 285 697 atne.
297 633 381 694 Ccat.
398 634 510 692 Toum.
524 648 591 710 cap.
609 633 639 691 9.
653 637 712 691 art.
725 632 755 691 1.
765 638 833 692 sect.
852 632 882 693 b.
901 650 932 693 v.
948 632 1051 705 Quer.
1064 634 1095 693 1.
1112 644 1146 697 et

130 712 460 794 centemnunt
476 715 570 775 11.ιι.
589 716 651 792 11.,
669 733 808 777 auroram
828 716 1055 793 computandam
1077 736 1143 779 esse

129 824 167 870 ex
180 812 348 884 temporum
361 800 517 870 varietate,
529 797 614 875 juxta
628 799 749 861 tabellas
763 845 772 873 ‚
791 816 857 878 quae
873 800 1039 861 directuriis
1049 801 1141 865 officii

130 890 227 955 divini
243 886 350 966 apponi
373 884 479 946 solent.
495 882 607 946 Idcircd
620 894 755 945 asserunt
772 884 861 945 Graiae
881 892 910 945 ct
924 886 1009 945 cant.
1025 888 1141 949 Taum.
1217 962 1218 969 ἵ

130 977 162 1039 in
176 990 276 1037 mensa
287 972 369 1035 Iunii
386 988 525 1032 auroram
545 972 676 1051 incipere
686 970 748 1033 ferd
764 971 879 1033 duabus
896 969 978 1033 boris
990 990 1144 1051 eumqua-

129 1060 235 1123 drante
245 1066 313 1118 ante
334 1065 436 1118 ortum
451 1057 541 1119 solist
559 1058 710 1117 mensibus
725 1057 900 1129 Februarii,
914 1066 944 1117 et
957 1058 1141 1134 Septembris
1218 1075 1219 1078 ’

130 1144 203 1206 bort
215 1160 283 1204 cum
303 1141 427 1203 dimidia
442 1162 451 1201 a
465 1142 497 1202 in
513 1160 615 1203 mense
632 1142 729 1202 ldartii
742 1140 816 1201 hori
827 1160 895 1201 cum
908 1141 1091 1218 quadrante:
1107 1145 1140 1206 in

128 1229 251 1308 reliquis
264 1226 336 1288 var'd
349 1225 501 1288 mensibus
516 1224 591 1287 hort
603 1272 612 1301 ‚
624 1236 655 1287 ct
670 1227 766 1288 tribus
780 1224 995 1303 quadrantibus
1008 1227 1138 1291 circiter.
1217 1248 1218 1265 ι

161 1316 276 1375 ¹tlnmes
288 1320 389 1372 autem
404 1311 587 1374 conveniunt
598 1330 673 1373 cum
684 1314 767 1392 Lupo
783 1309 814 1371 d.
830 1312 879 1371 10.
894 1328 979 1371 num.
990 1312 1040 1373 57.
1053 1313 1139 1376 Ceut.

126 1402 244 1462 ‘roura
253 1394 274 1457 t.
286 1416 311 1458 c.
322 1415 352 1457 n.
363 1397 464 1471 Qaoer.
476 1399 505 1457 1.
514 1403 542 1455 et
559 1397 589 1457 5.
603 1394 745 1477 We'pcndt
756 1402 841 1456 traet.
855 1397 903 1456 tt.
913 1414 947 1456 ιι.
962 1398 1139 1459 enitendo.

126 1502 161 1564 p.
176 1485 206 1541 9.
219 1501 251 1541 ιι.
266 1484 297 1542 1.
314 1478 446 1541 etSaIm.
463 1487 503 1539 tr.
516 1481 584 1540 bae.
595 1480 625 1539 1.
636 1499 670 1561 p.
684 1482 713 1540 l.
734 1498 768 1540 ιι.
791 1480 841 1541 55.
854 1486 888 1540 »ιι
905 1482 955 1542 11.
970 1482 1025 1559 qui
1048 1484 1141 1546 citant

129 1568 220 1628 Suar.
233 1567 351 1627 Nabar.
368 1565 427 1639 Sa,
440 1564 537 1625 IIcar.
546 1570 580 1623 et
589 1560 680 1639 aliea,
690 1564 776 1641 qudd
790 1565 871 1625 nulla
884 1566 924 1626 ait
940 1567 1026 1645 culpa
1037 1569 1140 1631 missas
1215 1639 1216 1669 p

129 1652 291 1715 terminare
305 1650 337 1712 in
359 1650 485 1721 aaran,
503 1656 535 1709 et
550 1666 599 1709 eas
616 1649 747 1727 incipere
760 1667 867 1729 parum
883 1658 952 1711 ante
970 1652 1139 1731 meridiem3

129 1739 227 1811 ratio,
240 1737 310 1817 quia
326 1744 444 1815 tempus
457 1742 661 1808 mauronte,
676 1732 765 1813 quim
781 1735 916 1796 meridiei
930 1735 979 1813 (de
993 1756 1050 1817 qua
1061 1738 1137 1802 iniri
1214 1771 1215 1789 ι

129 1822 260 1884 dicemus
285 1838 318 1881 ιι.
339 1820 443 1899 515),
461 1838 522 1882 non
547 1818 774 1892 mathematici,
800 1819 853 1879 aed
880 1820 1037 1883 moraliter
1061 1824 1138 1885 acci·

129 1906 282 1985 piendum.
302 1907 338 1965 Et
358 1908 492 1984 quamvis
511 1907 583 1967 olim
604 1908 651 1985 (ut
668 1906 727 1966 fert
747 1903 858 1967 Beeed.
868 1906 919 1967 XI
924 1907 960 1967 V.
971 1905 1070 1987 Notis.
1085 1910 1136 1969 11.

128 2012 161 2052 n.
179 1993 208 2051 5·
219 1997 248 2050 ei
259 1990 303 2066 4.)
313 1986 442 2052 Clecccna
453 1992 514 2052 XI.
528 1990 611 2052 sectis
625 1992 796 2069 praeceperit
811 1991 843 2051 in
855 1991 984 2069 quodam
998 2010 1051 2054 sue
1072 1993 1138 2055 edi·
1212 1986 1215 2078 j

128 2086 192 2147 cto,
206 2074 257 2135 ubi
278 2075 320 2134 sic
341 2074 418 2136 dixit
439 2097 447 2135 a
470 2074 684 2136 Camendiamc
702 2074 752 2136 aba
771 2071 797 2136 le
817 2077 913 2138 Messe
931 2094 1136 2157 coapostatae

127 2157 349 2222 iucemuineiarai
365 2159 465 2238 prima
476 2155 544 2221 aete
559 2177 671 2220 acrore
679 2204 689 2236 ,
704 2159 720 2219 1
735 2156 785 2221 cita
801 2161 820 2220 d
836 2178 935 2222 mazzo
947 2160 1050 2242 pintan
1067 2161 1137 2226 deb-

127 2245 309 2309 badecestre
324 2242 372 2306 del
384 2253 458 2306 tutto
477 2243 631 2305 tetaninate
645 2244 704 2323 (1),
720 2242 915 2305 nihilominds
930 2255 1048 2325 postea,
1066 2245 1135 2309 ciam

125 2327 183 2392 boc
196 2338 339 2409 punctum
356 2329 460 2391 rursus
468 2331 597 2392 examini
610 2329 782 2391 mandatum
795 2330 1028 2406 suisset3Bened.
1039 2333 1134 2395 XIII.

126 2415 233 2476 annuit
252 2431 336 2492 pesse
347 2416 467 2476 tolerari
481 2416 670 2478 latitudinem
683 2415 776 2476 tertie
790 2416 883 2494 partis
902 2413 983 2476 borae
996 2414 1136 2476 mimante

125 2519 264 2562 auroram
281 2545 289 2574 ‚
309 2498 378 2560 tiam
399 2509 466 2578 post
479 2501 658 2562 meridiem:
680 2501 771 2580 idque
790 2519 845 2579 per
860 2499 989 2563 edictum
1004 2500 1136 2578 publica-

126 2594 191 2647 tum
203 2586 260 2646 luit
272 2585 328 2647 sub
340 2581 433 2646 Clem-
445 2572 528 2648 XII.
536 2584 630 2665 (apud
646 2584 756 2647 Bened.
771 2583 793 2647 l.
805 2585 845 2664 e.)

163 2672 233 2732 511.
246 2671 378 2732 -Circa
394 2680 494 2732 autem
508 2671 679 2750 religiosos,
697 2670 786 2732 affert
807 2672 890 2751 lupo
910 2669 1006 2734 (1.10.
1026 2671 1134 2746 ιι.17.,

125 2755 211 2835 plura
225 2755 382 2833 privilegia
399 2800 410 2829 ,
430 2756 540 2834 quibus
573 2757 760 2835 regularibus
788 2757 960 2817 conceditur
989 2757 1136 2820 celebrare

125 2838 238 2901 duabus
246 2837 332 2896 horis
351 2847 421 2915 pest
438 2840 568 2901 mediam
587 2849 726 2902 noctem:
750 2841 822 2900 item
836 2837 929 2899 Salm.
942 2841 1015 2902 ibid.
1036 2861 1068 2903 ιι.
1084 2843 1134 2903 51.

125 2924 252 2985 aberunt
265 2921 456 3000 privilegium
474 2920 604 3003 Bapenii
616 2926 673 2987 IV.
687 2923 853 2984 celebrandi
872 2924 959 2983 tertie
973 2923 1046 2986 hurd
1068 2940 1137 3006 pest
1152 2944 1155 2950 “

126 3006 282 3071 meridiem
300 3016 338 3065 cx
352 3004 432 3082 justa
455 3024 552 3067 causa.
577 3009 625 3068 An
650 3017 749 3068 autem
777 3007 947 3084 hujusmodi
979 3009 1135 3092 privilegia

125 3093 235 3156 luerint
253 3099 389 3152 revocata
415 3108 471 3170 per
491 3090 724 3153 Tridentinum?
740 3091 875 3154 Affirmat
890 3092 1052 3172 Fapcndez
1067 3115 1135 3159 eam

125 3176 195 3240 aliia
212 3173 295 3258 apud
317 3176 399 3257 lupo
414 3193 449 3236 ιι.
473 3177 523 3236 19.
551 3175 621 3254 quia
641 3176 674 3236 in
694 3177 814 3255 praelato
837 3177 961 3238 concilia
984 3196 1055 3242 sess.
1082 3184 1132 3242 11.

126 3268 212 3328 Dect.
226 3262 262 3326 de
280 3259 397 3326 vitared.
410 3259 445 3324 ia
458 3257 560 3327 celebr.
571 3259 692 3341 mittat,
711 3263 753 3326 sic
764 3263 936 3343 praecipitur
950 3283 959 3323 a
977 3263 1135 3330 ordinarii
1211 3284 1214 3326 ι

152 3460 186 3516 (1)
195 3461 224 3505 le
231 3462 444 3512 catzl’rcbibemna
453 3479 483 3513 ne
492 3466 565 3514 misae
581 3463 727 3528 incipiantur
744 3475 919 3516 anteaurcrnm
936 3467 1133 3533 praecipimusque

126 3528 219 3565 utente
229 3524 351 3573 meridiem
362 3529 640 3589 integrabatabaclnte.
865 3593 929 3640 m·

1210 3356 1213 3380 1

1211 3527 1214 3572 i

1212 3605 1216 3696 i
