2450 3975
223 177 296 258 Cap.
309 175 340 235 t.
353 175 397 235 Dc
411 169 543 235 Barnun
553 177 590 234 ut
600 181 643 236 cst
653 169 841 255 sacrificum.
853 175 932 243 out.
948 177 977 240 tt.
1048 179 1105 242 257

94 275 202 338 nciliis
214 277 319 337 ‹licunt
336 279 422 337 Coae.
438 273 460 335 l.
477 293 503 335 c.
521 293 557 335 oc
571 274 728 336 Bonamic.
759 277 907 352 Coranus,
922 286 951 340 et
967 278 1104 341 A'maou.
1122 291 1126 298 '

95 362 177 444 operat
188 365 265 424 Mer.
280 359 299 420 Ι.
316 379 342 421 c.
358 379 391 421 u.
413 362 476 437 il„
493 359 523 420 id
536 377 596 420 non
610 363 741 421 excusari
756 360 776 422 ir
786 364 916 435 veniali,
933 365 957 424 si
972 365 1024 424 fiat
1042 367 1105 426 sine

95 447 309 525 dispensatione
332 444 485 505 Pontificio
506 465 515 504 a
542 446 729 506 excusabitur
746 455 863 516 tamen,
883 456 916 508 ut
931 449 1055 519 dieunt,
1079 450 1103 508 si

95 530 464 598 adsitrationabiliscausa,
477 547 531 608 pro
540 549 599 608 qua
611 540 683 608 puto
694 531 815 608 quidern
828 532 961 593 sufficere
973 535 1102 612 aliquem

94 635 155 678 esse
176 616 374 690 abstemium,
398 615 446 674 rel
463 615 566 674 riuum
583 633 644 676 csse
660 615 806 688 rubeum,
821 634 881 694 quo
903 618 1103 695 purificatoria

94 703 253 763 et'ac'lerent
274 701 444 761 indecenter
466 702 620 761 maculato.
633 699 686 762 llic
702 701 799 763 obiter
820 703 1035 764 advertendum
1051 704 1103 763 de·

94 788 207 848 centius
215 804 279 846 esse
289 830 296 858 ‚
305 795 339 845 ut
352 785 470 864 sangaris
485 794 620 845 sumatur
632 787 719 846 unico
731 784 856 856 haustu,
868 797 959 864 prout
970 805 1105 848 commu·

94 875 171 932 niter
188 871 332 944 docetur3
352 870 530 949 permittunt
545 869 617 931 vero
639 868 750 930 Baulal.
778 869 944 947 Caluinus,
965 869 1102 932 Arnaud.

92 963 121 1016 ct
137 953 196 1016 olii
209 953 295 1036 apud
309 955 422 1015 Macati
429 970 462 1034 p.
479 954 560 1024 tua,
584 971 667 1032 posse
687 955 805 1014 calicem
824 955 950 1016 secundi
971 965 1001 1015 ct
1016 956 1103 1016 tertie

92 1042 156 1102 rice
168 1041 206 1100 acl
220 1059 253 1100 os
272 1037 421 1100 admoveri
436 1082 444 1108 ,
459 1048 494 1097 ut
509 1039 642 1116 reliquiae
657 1039 806 1116 sanguinis
824 1040 1034 1116 absumantur3
1051 1039 1102 1102 sod

93 1125 199 1187 melitis
211 1125 315 1184 dieunt
331 1118 462 1183 runaut.
480 1117 611 1182 Castola.
626 1126 786 1184 ctcrassus
799 1122 871 1186 itit.
886 1125 975 1184 semel
983 1125 1102 1185 calicem

92 1211 136 1270 ori
147 1207 377 1276 admouendum,
388 1203 811 1284 aliquantulumimmorundo,
821 1216 853 1267 ut
863 1209 1102 1286 reliquioeomnes

92 1296 250 1373 (quantum
262 1293 327 1351 fieri
339 1289 444 1370 potest)
455 1289 652 1351 attrahantur.
665 1293 780 1351 Monuit
788 1301 886 1355 autern
895 1293 926 1352 S.
935 1291 1011 1354 Pius
1022 1295 1057 1356 V.
1070 1294 1101 1352 in

93 1381 220 1458 quadam
243 1378 334 1456 Epist.
359 1375 438 1455 apud
459 1377 535 1437 Gau.
547 1382 630 1456 port.
643 1377 672 1435 ᾖ.
695 1375 741 1435 tt't.
755 1378 806 1437 tu.
818 1385 850 1436 ut
862 1378 894 1438 in
917 1378 1037 1438 culicem
1055 1378 1101 1438 itt·

80 1463 234 1524 -iundatur
243 1463 344 1522 cadem
356 1461 417 1520 vini
427 1461 596 1538 quantitas,
616 1460 647 1518 in
661 1477 717 1537 qua
734 1460 855 1522 suerunt
866 1462 1102 1540 speciessangui·

92 1548 155 1620 nis,
168 1557 200 1608 et
211 1556 346 1607 sumatur
355 1564 408 1624 per
418 1545 551 1605 mandem
564 1553 679 1622 portem
695 1546 752 1623 qui
772 1555 907 1625 sumptus
920 1547 958 1605 sit
973 1546 1100 1624 sanguis.

129 1634 200 1693 409.
210 1666 249 1677 -
263 1633 330 1690 llaec
343 1627 484 1690 hactenus
496 1629 591 1707 quoad
605 1639 703 1707 partes
718 1630 881 1690 ordinarias
898 1653 906 1689 z
921 1629 1018 1709 quoad
1030 1629 1099 1691 vcro

92 1727 189 1795 partes
205 1712 484 1786 extraordinarios,
501 1714 612 1773 scilieet
631 1732 697 1790 que
715 1731 775 1774 non
794 1714 825 1772 in
848 1715 930 1776 omni
949 1714 1034 1773 missa
1054 1713 1100 1772 di-

92 1813 223 1874 cuntur,
239 1819 287 1859 eas
302 1799 441 1858 omittere
463 1816 524 1858 non
542 1805 588 1856 est
610 1797 666 1857 nisi
692 1797 826 1873 veniale;
842 1799 881 1856 ita
902 1798 1100 1866 communiter

91 1906 213 1958 omnes,
234 1885 352 1974 nisitot
365 1891 461 1973 partes
473 1883 665 1956 omittantur,
687 1900 753 1976 quae
764 1882 853 1943 simul
873 1891 997 1961 sumptae
1015 1892 1099 1944 neta-

92 1967 182 2029 uitem
194 1971 350 2024 materiam
359 1967 568 2021 constituerent
577 2003 586 2031 ,
595 1968 628 2018 ut
638 1958 713 2019 hene
723 1958 880 2019 advertunt
892 1961 976 2023 Cone.
985 1979 1019 2041 p.
1032 1963 1099 2022 tto.

91 2070 122 2111 n.
136 2054 166 2111 5.
183 2049 303 2129 ctll'cip.
314 2054 352 2107 tr.
369 2047 415 2105 li.
433 2064 466 2104 n.
481 2046 543 2115 75„
557 2044 701 2122 quidquid
713 2044 809 2105 dieunt
826 2046 934 2122 Quarti
942 2090 952 2123 ‚
966 2054 996 2106 ct
1006 2049 1098 2127 resq.

92 2132 384 2215 opudcroian.420.
399 2129 557 2193 Videclicta
565 2132 908 2191 n.ll)0.Vcnialeautcnr
918 2130 1032 2191 tantum
1042 2134 1100 2192 erit

93 2223 231 2283 omittere
243 2216 364 2289 Gloria,
374 2226 426 2276 aut
436 2214 734 2294 Credo‚scquentiam
744 2260 752 2287 ,
761 2218 894 2277 collectas
903 2216 1021 2295 (practer
1030 2234 1100 2293 pro·

94 2308 187 2382 priam
207 2302 333 2380 misse),
353 2311 481 2361 tractum
496 2343 505 2375 ,
519 2302 721 2378 praelationem
734 2344 742 2370 ,
756 2302 802 2361 vet
822 2301 1098 2371 communicantes,

92 2400 142 2449 out
155 2392 238 2449 llanc
249 2389 358 2466 igitur,
368 2387 512 2464 specialia.
527 2388 570 2445 lta
583 2403 692 2446 eornm.
707 2387 793 2447 Curta.
805 2394 831 2444 ct
847 2387 922 2465 Wip.
935 2383 967 2445 ll.
982 2383 1098 2445 cc.Pol.

93 2492 124 2549 p.
142 2476 191 2533 at.
207 2492 242 2533 rt.
257 2475 305 2533 ll.
324 2474 416 2532 Bono.
434 2489 465 2549 q.
484 2471 515 2529 l.
532 2487 559 2528 r.
580 2472 610 2529 2.
630 2472 732 2529 Muaz.
749 2488 783 2551 p.
803 2472 871 2531 209.
888 2469 954 2533 Ett.
977 2490 1009 2531 rt.
1028 2472 1098 2531 eut.

93 2573 157 2622 utin
174 2562 299 2626 choo,
320 2564 349 2616 ct
371 2555 460 2616 Graia
477 2574 511 2615 u.
532 2556 602 2615 420.
624 2573 689 2613 cura
701 2556 801 2635 Lupo,
818 2556 913 2614 Dian.
931 2563 958 2615 at
979 2554 1099 2620 Fitttaa.

1 2707 6 2726 ,
130 2644 212 2703 lotio
227 2660 369 2703 manuum
387 2650 455 2701 autc
466 2642 586 2701 missum
603 2640 691 2699 debet
704 2640 768 2699 lieri
781 2640 884 2699 saltem
898 2639 953 2698 sub
966 2642 1097 2715 veniali,

94 2733 124 2786 ct
140 2728 195 2788 sub
217 2728 318 2807 gravi,
332 2728 356 2785 si
370 2744 475 2800 manus
494 2726 554 2786 sint
565 2724 650 2784 valde
671 2725 852 2795 immunde,
873 2734 993 2803 propter
1013 2745 1099 2788 reve·

94 2814 218 2873 rentiam
240 2811 397 2882 sacrificii,
418 2819 451 2870 ut
474 2809 553 2871 reete
577 2810 682 2879 dicunt
701 2813 792 2872 Rana.
809 2828 839 2889 q.
862 2812 891 2872 l.
908 2830 935 2871 r.
955 2815 985 2874 2.
1011 2814 1097 2873 Cant.

99 2896 206 2957 Toum.
217 2914 283 2975 cop.
297 2898 328 2956 9.
341 2904 401 2956 art.
415 2898 446 2956 2.
458 2902 527 2956 sect.
541 2897 571 2955 8.
586 2909 616 2953 v.
633 2894 732 2967 Qucer.
741 2897 770 2955 l.
783 2914 849 2955 aum
861 2896 971 2970 Quarti
980 2896 1096 2959 olatiis.

43 3050 46 3057 Ι
97 2978 236 3042 omittere
249 2980 469 3042 verolotionem
485 2988 551 3057 post
561 2980 678 3039 missam
686 2981 803 3041 nullum
813 2982 869 3041 erit
879 2991 1049 3061 peceatum,
1064 2992 1096 3043 ut

96 3064 173 3125 rectia
184 3068 225 3125 ait
238 3065 328 3127 Croic
340 3085 373 3125 a.
384 3067 453 3125 tta.
464 3084 531 3125 cum
545 3066 665 3139 Quarti.

133 3150 199 3209 tto.
212 3183 252 3195 -
265 3151 423 3210 Dubitatur
440 3152 469 3209 l.
487 3151 533 3209 Αιι
547 3161 667 3228 peccent
685 3153 850 3211 mortaliter
865 3152 1032 3230 regulares,
1047 3152 1097 3227 qui

98 3228 128 3287 in
139 3249 248 3294 unone
261 3235 417 3294 nominant
430 3252 538 3295 nornen
554 3236 599 3294 sui
608 3236 757 3296 Generalis
775 3238 837 3295 vice
848 3236 999 3313 Episcopi?
1011 3235 1098 3296 Allir·

99 3326 177 3376 mant
196 3319 271 3379 Viuo
283 3326 342 3378 art.
358 3320 388 3378 7.
399 3337 453 3378 uu.
474 3319 503 3380 t.
522 3320 617 3380 Rusti
632 3338 656 3379 a.
676 3323 705 3379 l.
723 3337 773 3396 qu.
788 3321 836 3378 lii.
851 3327 877 3377 ct
895 3318 999 3378 Diona
1019 3336 1049 3395 p.
1069 3322 1097 3379 2.

101 3406 136 3459 tc.
149 3402 194 3461 ll.
210 3421 236 3463 r.
252 3407 301 3464 tte.
315 3422 352 3464 cx
369 3404 495 3482 quadam
516 3404 626 3463 declar.
648 3407 678 3464 S.
694 3408 725 3465 C.
739 3423 790 3483 op.
804 3403 894 3464 Rorlr.
911 3411 940 3462 et
953 3401 1022 3464 Vttt.
1042 3406 1098 3465 Sed

100 3497 203 3561 urgant
219 3491 303 3569 Sper.
330 3488 419 3550 Rode.
445 3488 547 3549 Toutb.
571 3496 600 3548 ct
619 3487 750 3547 Bardou.
772 3506 822 3565 op.
844 3486 934 3548 Graia
956 3507 990 3549 u.
1009 3491 1095 3564 tao„

101 3570 184 3647 qtria,
204 3584 239 3635 ut
255 3574 380 3648 dicunt,
400 3573 461 3641 haec
478 3593 540 3637 non
557 3573 676 3635 videtur
693 3574 789 3651 gravis
802 3576 941 3723 tuatepgip
956 3583 985 3636 et
997 3576 1034 3635 de
1048 3576 1097 3635 tali
1144 3618 1147 3625 «
