2450 3975
271 240 276 247 Ι
296 164 370 240 cap.
385 158 415 219 1.
431 158 478 219 De
492 152 705 237 satisfactione.
722 154 801 219 Dei.
817 158 846 217 l.
862 156 927 217 Art.
944 159 974 218 2.
1074 158 1131 217 139

125 262 220 329 Renzi
237 281 261 323 e.
282 262 312 321 9.
330 266 397 322 sect.
414 260 445 319 t.
467 277 499 337 q.
513 259 560 319 17.
578 276 645 318 cum
664 258 770 338 Lapsa.
791 266 819 317 et
836 254 943 319 Psilis.¹
957 258 1017 319 Nee
1035 257 1131 319 obstat

125 346 342 427 indulgentiam
363 342 525 422 plenariam
541 358 706 403 concessam
728 340 816 401 luisse
832 342 888 402 sub
906 342 1020 403 ratione
1034 342 1132 403 totalis

123 430 323 500 remissionis,
341 427 383 487 ita
403 436 437 487 ut
453 427 479 485 si
498 444 617 504 pmnsm
639 444 699 485 non
723 426 808 487 tollat
827 426 907 487 illias
926 427 1050 487 venialis
1071 444 1131 487 non

121 515 259 590 remissi,
283 511 396 573 nullam
419 510 515 571 tollat.
533 512 609 572 Nam
635 509 851 589 respondetur,
877 508 957 588 quid
976 512 1050 571 sicut
1071 526 1147 571 nort.

123 606 270 679 repugnat
291 597 408 674 culpam
428 593 552 671 alicujus
569 595 692 655 venialis
710 595 844 667 remitti,
865 594 938 673 quin
954 595 1131 657 ,remittatur

123 688 209 763 culpa
218 684 345 743 aliorum
356 724 364 750 ‚
375 680 415 739 tu
425 688 456 739 ct
467 697 552 757 poena
563 678 715 755 3Pontilex
725 686 822 739 antem
835 678 1021 740 coneedendo
1033 679 1130 739 intltrl·

120 769 252 850 gentiam
270 762 453 844 plenariam,
476 780 536 822 non
556 764 747 842 praesumitur
768 764 844 824 velle
866 782 932 825 eam
952 764 1131 841 restringere

103 851 238 916 'tantirm
252 851 288 910 ad
302 866 352 911 eos
366 848 474 927 quibus
487 848 682 908 remittuntur
693 849 791 908 omnia
806 849 950 924 venialia,
964 848 1016 908 scd
1032 846 1130 925 potiirs

120 938 204 999 illam
216 934 376 997 concedere
388 931 473 1009 juxta
485 934 672 1009 capacitatem
686 932 829 1011 sabjecti,
844 942 878 993 ut
892 934 1061 994 remittatur
1073 934 1131 993 sal·

120 1032 184 1084 tem
206 1037 292 1099 pmna
312 1018 473 1077 venialium
496 1017 639 1088 illorum,
664 1035 793 1094 quorum
818 1018 904 1096 eulpa
928 1018 1047 1079 remissa
1073 1027 1127 1079 est.

120 1106 292 1171 Notandum
311 1100 378 1177 lrle,
399 1102 479 1181 quid
499 1101 537 1161 ad
559 1102 758 1179 indulgentias
782 1102 937 1163 lucrandas
958 1103 1135 1181 requiratur¹

121 1190 263 1253 confessio
283 1194 468 1267 peccatorum
488 1187 578 1247 etiam
595 1188 774 1262 venialium,
792 1187 815 1246 si
833 1187 865 1245 in
878 1186 1039 1266 diplomate
1051 1188 1129 1267 lega-

118 1286 172 1338 tur
187 1297 196 1334 s
216 1273 278 1351 Qui
291 1272 357 1332 veri
372 1274 558 1351 pestitentes,
577 1268 720 1349 confusi,
735 1278 787 1332 etc.
808 1274 851 1331 lta
865 1289 901 1330 ex
920 1272 1037 1331 decreto
1051 1272 1082 1331 S.
1093 1272 1127 1331 C.

120 1360 239 1436 lndulg.
254 1356 417 1435 approbato
432 1355 449 1416 1
465 1352 608 1416 comesne
625 1357 722 1416 XIII.
743 1356 795 1433 qui
814 1354 957 1432 publicari
978 1354 1128 1415 mandavit

119 1444 168 1506 die
184 1445 222 1505 lll
235 1444 321 1503 Mart.
341 1440 428 1501 lton.
441 1440 605 1500 Declaravit
624 1448 723 1499 autem
737 1441 765 1499 S.
778 1439 1030 1499 canotasenus
1043 1455 1128 1515 posse

119 1528 209 1589 ctiam
224 1524 336 1604 expleri
350 1525 382 1585 in
394 1524 493 1602 vigilia
506 1524 682 1586 festivitatis.
694 1524 742 1585 Sic
751 1523 841 1585 essert
849 1525 886 1583 P.
896 1523 1032 1587 Ferraria
1044 1518 1126 1585 tritt.

119 1619 143 1674 t.
157 1613 187 1675 8.
201 1606 336 1692 append.
353 1626 438 1669 nam
457 1609 488 1668 1.
576 1698 593 1780 S
621 1701 648 1761 u

142 1796 355 1918 Quotnplex
375 1812 685 2012 indulgerppipflgss
695 1818 887 1985 {rosmoda
912 1814 1057 1925 differat
1080 1818 1101 1895 a

118 2050 171 2104 535
189 2045 255 2100 Vitis
265 2057 326 2114 pue
337 2041 475 2098 solentur
485 2043 563 2108 apati
574 2043 699 2097 Basante.

116 2124 168 2175 556
183 2120 363 2173 Adnotantar
379 2115 491 2168 sancita
507 2113 526 2166 a
542 2116 640 2169 Benna.
652 2121 692 2170 11
697 2119 725 2172 V.
737 2117 815 2172 area
825 2117 981 2184 juottaam

116 2198 168 2251 ost
185 2197 238 2260 Ωιι.
250 2198 273 2245 1.
285 2197 329 2244 An
345 2191 383 2243 aa
397 2189 565 2242 lucrandum
577 2189 725 2256 jubileum
741 2193 836 2244 omnin
847 2206 932 2260 opera
943 2191 1040 2260 perfici
1050 2193 1125 2248 dele-

217 2273 269 2325 ant
279 2266 310 2318 in
321 2278 381 2318 una
396 2262 591 2316 hebdomada?
604 2267 656 2328 Ωιι.
670 2268 707 2316 tt.
721 2268 764 2316 An
775 2279 827 2331 per
837 2265 1034 2330 consessionem
1045 2266 1126 2320 inoe-

215 2339 304 2393 iitlam
316 2338 347 2390 ia
358 2335 476 2403 jubileo
492 2337 641 2403 anferatur
651 2337 802 2391 reservatis
816 2351 1013 2402 censurarum,
1026 2345 1051 2392 et
1061 2355 1123 2405 pee-

218 2409 368 2466 catorum?
381 2413 433 2472 (tu.
443 2412 496 2460 tlt.
506 2412 549 2460 An
556 2414 649 2476 peccet
659 2411 783 2475 praoiter
796 2411 844 2479 qni
855 2410 999 2465 absolutus
1010 2409 1028 2464 ot
1039 2427 1126 2466 reser-

215 2481 476 2551 catis,postsaalia
486 2482 1126 2553 operanouimplet?Qu.tt⁷..lnqnicon[essns

215 2563 255 2610 cst
267 2557 297 2609 in
308 2554 443 2623 jntiiao,
454 2554 593 2609 statinus
604 2555 641 2609 sit
652 2557 760 2624 peccati
770 2558 918 2620 reservati,
929 2559 1017 2626 possit
1028 2557 1126 2611 deinde

216 2631 415 2697 aurosumque
428 2627 555 2682 annotatt
564 2632 600 2681 tet
611 2643 651 2682 an
661 2629 784 2682 oblinire
795 2630 1038 2683 commutationem
1049 2637 1126 2684 noto·

215 2703 300 2758 cnm?
311 2705 365 2767 Ωιι.
380 2704 410 2754 i'.
422 2705 466 2754 An
478 2702 620 2769 consessus
634 2703 729 2756 animo
746 2700 878 2756 lucrandi
889 2702 1047 2772 jubileum,
1066 2718 1126 2758 ma·

215 2781 283 2829 neat
299 2773 444 2828 absolutus
455 2775 475 2828 a
486 2775 633 2847 cosmatis
645 2774 754 2838 oblitis,
768 2777 793 2830 si
802 2781 899 2844 postea
909 2791 967 2830 non
984 2777 1125 2831 lucretur?

215 2852 268 2914 Ωιι.
283 2851 329 2901 t't.
341 2853 387 2900 Aa
398 2848 487 2914 possit
504 2847 623 2911 absolui,
636 2847 685 2916 qni
696 2849 831 2903 commisit
841 2856 985 2918 peccatum
999 2865 1124 2908 reseruat-
1143 2891 1145 2896 .

215 2921 318 2975 tamin
330 2922 526 2989 confidentiam
535 2923 666 2990 jactitet?
678 2926 730 2989 Qu.
743 2924 803 2975 Vll.
814 2927 857 2975 An
867 2924 955 2992 possit
968 2925 1033 2978 dari
1043 2925 1125 2978 abso·

215 2994 286 3049 tutio
303 3002 370 3048 ante
380 2995 602 3063 satisfactionem
610 2995 976 3064 partimoeijnramentum
986 2998 1125 3066 ejusdem

214 3072 267 3134 Ωιι.
289 3071 362 3121 t'ttt.
383 3069 505 3134 Quinam
526 3084 626 3134 casus,
646 3075 672 3124 et
694 3084 818 3125 censura
838 3073 947 3138 possint
969 3071 1124 3124 absolvito

207 3139 343 3207 jubileo?
353 3141 422 3196 Duo.
434 3147 459 3196 t.
470 3145 515 3195 Aa
523 3144 631 3210 possint
641 3143 747 3197 absolui
756 3143 864 3212 pattici
874 3143 1123 3199 encommunieati?

114 3265 118 3272 .
212 3214 283 3268 Duo.
295 3216 321 3267 t.
332 3219 376 3267 An
387 3216 497 3282 possint
515 3216 674 3283 dispensari
689 3217 720 3270 in
736 3215 966 3284 irrrpnlaritate?

111 3291 163 3346 538
180 3291 286 3354 Qatx.
297 3287 353 3353 Qui
361 3287 475 3341 veniant
484 3289 594 3344 nominc
602 3289 793 3358 infirmorum,
805 3291 994 3358 captivorum,
1005 3293 1030 3340 et
1041 3287 1123 3340 itine-

209 3360 357 3413 rantium?
366 3364 421 3427 Ωιι.
431 3364 515 3414 Mn
523 3361 643 3429 sufficiat
654 3363 691 3415 ad
697 3361 843 3430 inbitoenm
854 3354 1020 3416 lucrandum
1030 3361 1121 3413 oratio

210 3431 357 3493 mentalis,
375 3437 427 3485 ant
442 3435 551 3488 modica
568 3433 693 3488 nonalis?
703 3439 755 3500 Qu.
770 3439 817 3488 Xl.
830 3440 874 3488 An
887 3435 995 3488 modica
1008 3431 1121 3486 eleimo-

210 3519 282 3572 spaa
290 3506 306 3558 t
315 3509 366 3572 Ωιι.
376 3510 439 3558 titt.
450 3513 493 3561 An
505 3507 663 3577 satisfaciat
673 3508 850 3578 preiejnnie's
858 3508 994 3578 injunctis
1004 3506 1122 3578 implens

206 3578 320 3648 jejunia
333 3579 408 3635 alitis
420 3580 534 3638 delita?
