2450 3975
320 198 391 283 Cap.
406 201 436 259 l.
458 196 696 261 Dccootrt'tione.
712 200 788 261 Dob.
802 204 833 263 2.
873 163 880 177 ’
1020 201 1079 267 533

78 324 134 368 non
149 320 298 375 concesso,
314 299 394 381 qudd
410 299 557 378 poenitens
571 299 663 377 possit
677 296 787 361 absolvi
803 303 894 363 semel
906 296 953 363 rel
969 302 1077 365 iterim

78 400 142 449 anto
167 388 315 449 dimissam
341 386 539 456 occasionem,
559 393 677 456 tamen,
702 394 737 445 ul
757 389 953 448 communiter
975 389 1078 449 dicunt

77 475 138 535 Ill).
161 482 190 534 et
207 468 261 551 i'psi
284 469 441 530 adversarii
462 466 644 538 concedunt,
670 468 815 545 poenitens
835 488 895 529 non
918 469 1006 532 babel
1028 472 1078 549 J‘us

76 566 109 617 ut
130 558 223 617 statim
238 555 423 629 absolvatur3
435 559 465 611 et
484 560 640 630 propterca
660 549 736 611 bend
755 561 852 630 polest
868 550 1075 633 tetdonem,

76 649 189 701 tenetur
202 638 390 715 confessarius
403 680 411 707 ‚
426 644 459 695 ut
477 642 575 713 partos
591 635 636 693 sui
659 637 793 695 muneris
806 636 886 697 rectd
903 640 979 716 agol)
1002 648 1077 701 um-

76 742 159 803 quam
178 724 307 783 mcdicus
325 718 445 782 dillerre
458 719 501 779 illi
522 716 754 792 absolutionem,
771 721 936 797 usquedum
952 726 1076 784 occasio·

75 821 139 867 ηοω
153 810 274 867 auferat.

112 894 182 953 Dixi·
198 902 296 953 tamon
309 888 475 966 ordinarid5
488 906 557 949 nam
579 887 687 950 mcrild
701 890 890 969 excipiendus
907 901 952 955 est
967 896 996 955 l.
1008 913 1077 956 curn

75 974 152 1057 loono
169 976 199 1037 d.
214 980 263 1037 ll.
278 994 309 1035 o.
325 978 392 1035 llll.
408 972 496 1035 Holz.
509 993 542 1033 o.
558 974 626 1034 586.
641 982 670 1033 ct
681 974 767 1053 ὅρον.
784 994 815 1035 o.
830 977 1004 1049 mensus
1016 998 1076 1058 quo

73 1060 214 1138 poenitcns
230 1060 332 1121 afferat
348 1058 578 1119 extraordinaria
594 1061 676 1137 signa
690 1058 819 1133 doloris,
840 1064 909 1139 quia
929 1072 1001 1124 ωηο
1012 1083 1076 1143 pro

73 1155 136 1222 pler
157 1144 325 1223 hujusmodi
346 1146 427 1221 sigua
445 1142 635 1202 confessarius
652 1142 814 1221 prudenter
833 1156 929 1225 potest
943 1149 1076 1225 judicare

73 1244 129 1287 uon
146 1230 243 1289 adosse
262 1230 293 1289 in
315 1230 476 1307 poenitente
498 1226 663 1305 periculum
680 1226 754 1286 illud
776 1236 945 1307 proximum
969 1233 1075 1292 inirin-

71 1313 155 1389 gcndi
176 1314 381 1392 propositum
396 1314 478 1390 signa
493 1312 574 1371 enirn
592 1312 642 1370 illa
657 1309 788 1373 iudicant
800 1316 990 1391 poenitentem
1003 1318 1075 1377 ube·

58 1397 177 1471 ¹riorem
196 1397 342 1475 recepisse
353 1396 495 1473 gratiani,
519 1396 576 1471 qud
596 1397 687 1473 magis
710 1406 877 1458 constanter
890 1414 923 1457 se
938 1408 1020 1477 geret
1043 1403 1074 1461 in

72 1480 217 1541 occasione
227 1482 416 1540 rcmovouda.
426 1478 641 1551 Nihilominus,
652 1481 803 1557 ailllooc„
817 1480 897 1561 qudd
912 1482 975 1560 ipse
985 1486 1074 1543 etiam

71 1565 100 1623 in
117 1562 172 1624 boc
191 1563 486 1625 casuabsolutiouern
496 1562 631 1623 differret
643 1608 651 1633 ‚
665 1565 831 1642 usquedum
848 1568 959 1626 occasio
968 1568 1076 1627 aulerc-

71 1653 133 1720 tur,
147 1650 171 1710 si
192 1646 339 1709 absolutio
365 1646 520 1709 commode
538 1644 652 1708 differri
670 1659 787 1727 posset3
807 1659 838 1711 ot
857 1652 898 1711 ita
916 1651 1005 1711 etiam
1020 1670 1075 1729 ego

71 1747 196 1809 ogcrcm.

85 1834 89 1843 ·
107 1818 302 1897 Excipiendus
314 1820 344 1879 Ξ.
360 1836 430 1877 curn
446 1817 523 1879 Viuo
538 1816 598 1880 loco
614 1820 708 1897 suptd
722 1817 772 1880 cit.
795 1836 885 1878 casus>
898 1837 959 1899 qno
980 1820 1075 1900 poeni-

70 1907 147 1975 tens,
168 1904 192 1963 si
203 1902 351 1963 absolutio
363 1900 532 1975 differatur,
547 1922 607 1963 non
622 1904 714 1981 possit
732 1904 769 1963 ad
787 1905 1076 1980 confessarium-red

69 1983 127 2062 ice3
138 1989 184 2048 vel
198 1986 318 2048 nonnisi
333 1996 400 2066 post
425 1987 547 2066 longum
568 1998 704 2065 tempus:
719 1996 791 2048 tuno
806 1990 885 2048 enim
895 2033 903 2060 ‚
914 1991 939 2048 si
951 1991 1001 2049 ille
1011 1987 1083 2065 jem*-

69 2069 154 2131 suerit·
170 2072 319 2132 confossus
338 2081 453 2148 pcccata
470 2089 540 2143 sua,
562 2081 592 2133 et
613 2073 804 2132 confessarius
823 2075 984 2151 prudenter
992 2073 1074 2151 judi·

69 2171 131 2214 carc
144 2157 243 2216 ualeat
265 2171 333 2214 eum
346 2155 464 2214 firmam
478 2155 586 2217 habere
600 2157 783 2216 voluntatem
804 2158 927 2218 tollendi
948 2158 1074 2217 occasio-

69 2254 134 2302 nem
148 2241 249 2300 statim
270 2257 303 2298 oc
315 2240 441 2317 poterit,
463 2249 533 2300 lunc
547 2250 644 2319 potest
655 2250 686 2300 el
698 2239 788 2300 dobes
803 2241 900 2318 ipsum
912 2241 1073 2310 absolvere,

70 2323 134 2406 quia
161 2333 236 2384 tunc
255 2324 399 2400 poenilens
420 2322 508 2382 habet
528 2323 599 2399 jus,
626 2332 661 2382 ut
689 2325 790 2382 statim
815 2324 993 2384 absolvatur.
1014 2325 1075 2385 Nee

70 2406 163 2467 obstat
179 2406 296 2478 dicere,
311 2405 392 2484 quod
413 2406 475 2483 ipse
490 2413 562 2467 ωηο
583 2415 753 2466 remaneret
774 2407 811 2465 in
820 2406 924 2467 eodem
943 2406 1082 2485 periculo»

68 2491 111 2569 (ut
128 2509 197 2552 mox
211 2489 325 2548 dictum
343 2490 398 2568 est)
414 2490 593 2569 infringendi
616 2491 811 2568 propositum.
828 2492 904 2551 llam
921 2490 1082 2568 responde·⁴

69 2583 133 2650 tur,
147 2572 230 2652 qudd
247 2571 304 2632 boc
325 2591 392 2632 casu
405 2574 463 2633 tale
476 2575 641 2652 periculum
653 2574 692 2633 de
705 2576 841 2651 proximo
854 2575 890 2635 lit
903 2582 1071 2634 remotumz

68 2658 231 2718 sicutenim
247 2657 362 2718 rollone
375 2658 471 2735 gravis
482 2658 583 2718 damni
596 2659 642 2738 (ut
655 2656 871 2736 inlrddicctur)
885 2676 944 2718 non
956 2666 1081 2717 tenetur·

69 2743 216 2818 poenitens·
239 2743 420 2802 occasionem
443 2742 579 2814 auferre,
605 2740 646 2801 ed'
669 2741 749 2818 qudd
774 2743 940 2820 periculum
965 2759 1021 2821 por
1042 2759 1081 2803 so'

68 2827 235 2904 proximum
254 2825 368 2886 ratione
381 2826 460 2885 illius
484 2826 662 2886 necessitatis
679 2825 777 2886 eradit
796 2836 963 2902 remotum
980 2828 1021 2886 ita
1040 2829 1081 2888 iu'

68 2917 132 2969 o'osu
152 2918 255 2970 nostro
269 2911 434 2988 periculum
452 2911 526 2970 illud
539 2909 717 2988 infringendi
731 2912 915 2989 propositum
929 2912 964 2972 fit
975 2929 1075 2971 remo·

68 3001 132 3054 turn
157 2995 274 3054 ratione
297 2995 396 3073 magni
423 2997 537 3066 oneris,
560 2996 639 3074 quod
661 2996 807 3072 poenitens
831 2994 951 3057 debercl
975 2997 1074 3055 subire

68 3076 176 3139 ilerum
195 3078 346 3156 repetendi
361 3079 570 3139 consessionem
587 3079 666 3156 apud
683 3079 809 3138 alterurn
820 3101 829 3156 3
842 3087 915 3140 ωηο
932 3079 1013 3136 enim
1029 3087 1074 3136 est

68 3163 242 3222 constitutus
264 3163 296 3222 in
324 3163 430 3222 morali
460 3163 631 3223 necessitate
652 3161 813 3241 recipiendi
835 3162 1072 3232 absolutionem,

68 3253 224 3322 antequam
240 3247 420 3306 occasionem
433 3247 573 3307 dimittat.
586 3247 647 3307 lloc
661 3254 759 3307 tamen
774 3263 833 3305 non
845 3243 1071 3320 admittendum,

68 3326 91 3386 si
105 3329 251 3406 poenilens
270 3331 306 3389 ab
323 3331 381 3390 alio
402 3331 576 3391 confessario
592 3329 655 3406 jam
669 3331 760 3389 luerit
776 3328 945 3386 admonitus
965 3325 1003 3384 de
1024 3343 1073 3386 oc·

69 3411 184 3472 caelone
204 3407 332 3474 tollenda
346 3458 354 3487 ,
368 3425 398 3475 cl
413 3433 473 3474 nou
491 3416 644 3475 abstulerit
654 3435 663 3488 3
675 3414 744 3491 quio
767 3420 838 3470 ωηο
856 3408 983 3468 habetur
997 3418 1074 3470 tam-

67 3511 156 3572 quam
172 3497 317 3558 recidivus
330 3543 338 3568 ‚
351 3507 380 3559 ct
398 3497 522 3559 minime
535 3508 579 3558 ost
593 3492 788 3554 absolvendus
797 3537 806 3566 ,
816 3493 872 3552 nisi
885 3491 1078 3553 formatoris

69 3577 304 3642 extraordinarie
318 3583 400 3661 signa
414 3582 544 3652 doloris,
556 3577 701 3654 utsuprd.
