2450 3975
349 224 420 298 Cap
431 220 458 279 l.
472 220 515 279 De
536 217 720 279 contritione.
733 216 811 281 out.
826 220 856 280 ἢ.
1052 222 1109 280 eote

103 316 312 394 recipiendam.
335 318 371 377 Et
388 316 443 377 hoc
461 328 561 395 patet,
583 317 712 379 uirenti
737 318 862 378 advertit
882 318 997 380 ditator.
1015 318 1111 381 Tdeol.

102 420 227 481 prauae
244 402 321 462 Sem.
336 404 484 463 Petrocor.
497 400 532 464 de
549 402 651 483 penit.
666 421 732 483 cop.
748 406 777 463 i.
789 421 840 483 qu.
859 406 887 463 5.
905 423 940 463 cx
960 406 1018 463 illis
1043 425 1110 463 rer-

102 484 165 545 bis.
178 495 210 544 ut
225 484 311 566 sopri
325 508 333 545 a
348 488 391 546 Et
402 488 536 567 quemvis
548 488 611 549 sicce
624 495 806 548 sacramento
822 505 876 568 per
892 504 922 549 se
938 486 979 548 ad
993 488 1109 567 justisi-

103 566 246 631 cntionem
263 568 416 651 perducere
427 579 569 653 nequeat,
590 579 643 632 cte.
665 569 740 650 Ergd
752 590 820 631 cum
833 582 1015 633 sacramento
1033 574 1109 635 beni

103 654 237 729 perducit
250 676 259 732 ;
272 654 340 715 aliis
354 700 361 729 ,
375 656 399 715 si
411 657 567 718 concilium
586 657 777 717 intellexisset
791 657 828 717 de
845 658 906 718 sola
919 657 1109 735 dispositione

101 746 235 812 remota,
254 740 483 820 incongruenter
505 750 535 802 et
556 740 656 821 inepti
672 742 860 820 protulisset,
876 740 957 821 quiid
973 744 1107 813 attritio,

100 824 237 898 quamvis
262 826 326 885 sine
354 836 535 887 sacramento
563 836 689 904 nequeat
713 824 898 903 justificare,
921 835 1108 887 tamencum

99 916 283 968 sacramento
302 911 338 970 ad
349 908 571 987 justificandum
589 911 740 990 disponit3
758 911 810 970 scd
833 910 932 991 potitis
945 910 1044 972 dicere
1057 910 1108 970 de-

98 989 228 1067 buisset,
241 994 320 1070 quiid
333 995 465 1069 attritio,
486 994 554 1056 lieet
568 997 632 1056 sine
651 1005 831 1056 sacramento
842 1015 902 1058 non
916 996 1052 1074 disponat
1071 995 1108 1057 ad

97 1076 225 1155 gratiam
237 1077 469 1157 impetrandam,
487 1080 619 1157 disponit
639 1089 822 1141 tamencum
840 1089 1032 1141 sacramento.
1049 1082 1108 1139 Ve-

98 1157 168 1219 rum
191 1170 273 1239 patet
291 1164 497 1226 tridentinum
521 1163 570 1225 hie
584 1166 667 1242 loqui
679 1163 717 1225 de
735 1164 926 1242 dispositione
946 1167 1105 1244 proxima,

97 1242 172 1305 darm
194 1248 349 1328 distinguit
370 1250 519 1329 duplicem
536 1249 757 1328 dispositionem
770 1249 807 1309 ad
824 1251 950 1327 gratiam
962 1252 1107 1329 reeipien-

98 1327 186 1401 dam,
201 1349 292 1393 unam
315 1342 397 1395 extra
417 1343 634 1396 sacramentum
656 1352 723 1412 quae
745 1344 790 1394 est
805 1335 944 1395 contritio
958 1337 1106 1414 perlecta,

97 1424 130 1473 et
154 1414 237 1491 cujus
260 1416 342 1496 priirs
361 1420 515 1493 meminit,
534 1430 566 1480 et
588 1420 677 1479 aliam
709 1419 742 1479 in
771 1428 952 1479 sacramento
974 1437 1041 1497 quae
1062 1427 1108 1479 est

97 1500 232 1574 attritio,
250 1509 280 1561 et
297 1501 334 1561 de
350 1522 408 1581 qua
425 1502 570 1583 posteriirs
586 1504 732 1581 loquitur.
754 1504 784 1563 Si
803 1501 873 1581 ergd
888 1503 1045 1564 concilium
1065 1521 1107 1563 as·
1196 1553 1198 1556 .

95 1582 194 1662 signat
223 1588 431 1649 contritionem
451 1590 610 1668 perlectam
633 1598 669 1650 ut
691 1590 856 1668 proximam
883 1588 1105 1667 dispositionem

95 1668 133 1726 ad
145 1670 246 1746 gratiae
256 1674 492 1735 consecutionem
504 1684 586 1733 extra
600 1684 835 1743 sacramentum,
853 1674 965 1750 pariter
977 1674 1104 1750 assignat

95 1747 147 1813 hie
160 1754 343 1817 attritionem
368 1776 424 1836 pro
449 1758 642 1836 dispositione
661 1758 794 1836 proxima
813 1756 850 1815 ad
864 1757 988 1833 gratiam
1012 1756 1044 1815 in
1059 1774 1105 1814 sa-

93 1847 247 1899 cramento
275 1841 476 1903 obtinendam.
494 1844 639 1902 Praeterea
663 1840 821 1901 concilium
844 1839 999 1919 distinguit
1025 1842 1104 1901 inter

94 1922 279 1991 attritionem
302 1935 383 1986 extra
404 1935 638 1999 sacramentum,
664 1933 695 1984 et
715 1923 790 1983 lrane
810 1942 872 1983 esse
899 1924 971 1985 dicit
990 1924 1104 1985 donum

94 2005 221 2082 Spiritirs
244 2011 354 2083 saneti,
367 2013 503 2090 viamque
520 2030 624 2090 parare
636 2010 674 2070 ad
691 2010 856 2088 justitiam,
875 2029 909 2070 ac
928 2029 1103 2090 consequen·

94 2099 143 2152 ter
170 2111 231 2154 esse
252 2096 474 2175 dispositionem
493 2107 640 2160 remotam
663 2099 699 2157 ad
715 2099 839 2176 gratiam
857 2098 943 2177 (sicut
953 2107 997 2158 est
1005 2097 1104 2176 quivis

93 2185 177 2236 aetus
193 2178 311 2256 bonus),
326 2178 395 2241 licit
413 2199 474 2243 non
500 2183 625 2243 sufficiat
640 2182 677 2243 ad
700 2181 940 2259 justificationem
953 2203 962 2256 3
975 2190 1006 2241 et
1023 2183 1103 2240 inter

94 2263 281 2324 attritionem
297 2266 374 2325 intra
395 2277 627 2344 sacramentum,
642 2276 673 2327 et
685 2266 761 2326 hane
779 2277 864 2326 vocat
878 2266 1100 2344 dispositionem

93 2346 132 2405 ad
147 2349 270 2423 gratiam
287 2350 318 2409 in
340 2363 521 2412 sacramento
538 2351 737 2430 recipiendam
754 2373 763 2410 ε
780 2350 850 2428 ergd
869 2349 944 2410 hane
961 2351 1102 2428 supponit

92 2427 316 2508 dispositionem
337 2437 525 2513 proximam,
551 2434 623 2496 aliis
645 2435 793 2495 inutiliter
816 2435 1007 2494 distinxisset.
1027 2435 1100 2493 Prae

93 2523 176 2574 terea
186 2518 413 2591 contritionem,
430 2540 497 2598 quoe
507 2531 551 2581 est
562 2520 655 2581 animi
666 2518 752 2579 dolor
764 2539 798 2581 ae
811 2520 965 2580 detestatio
979 2519 1017 2578 de
1032 2537 1100 2596 pec-

93 2609 159 2658 cato
177 2603 351 2675 commisso,
367 2606 574 2666 Tridentinum
593 2606 665 2664 dicit
681 2623 744 2664 esse
766 2605 936 2674 materiam,
953 2605 1000 2663 vel
1017 2603 1099 2681 quasi

92 2687 246 2751 materiam
261 2685 350 2764 hujus
371 2691 564 2768 sacramenti;
579 2689 701 2758 deinde,
714 2688 784 2748 licet
800 2689 876 2747 hane
891 2687 1099 2748 contritionem

91 2768 125 2830 in
151 2771 306 2847 perlectam
319 2783 349 2834 et
368 2775 569 2852 imperfectam
594 2773 727 2843 dividat,
754 2783 882 2832 attamen
899 2773 967 2834 edm
981 2775 1100 2852 utrique

92 2864 241 2932 competat
261 2859 445 2920 contritionis
473 2859 625 2930 definitio,
652 2865 684 2917 et
706 2867 861 2936 utramque
885 2869 919 2919 ut
945 2860 1098 2920 materiam

90 2937 241 3016 assignet,
255 2944 405 3020 sequitur,
421 2943 501 3020 quid
514 2945 602 3004 etiam
621 2943 761 3004 contritio
779 2944 947 3021 imperfecta
963 2944 1098 3023 proximis
1153 3009 1162 3022 ‚

89 3020 230 3101 disponat
247 3026 281 3085 ad
296 3028 420 3106 gratiam
434 3027 698 3107 consequendam.-

132 3107 164 3168 ld
177 3110 370 3172 confirmatur
384 3121 519 3190 patenter
542 3113 699 3174 abeodem
717 3115 842 3176 concilio
857 3111 999 3176 incudem
1018 3135 1044 3174 c.
1065 3118 1096 3176 l.

91 3191 144 3254 ubi
163 3205 230 3272 post
251 3197 341 3257 relata
369 3198 458 3259 verba
483 3201 583 3259 statim
610 3200 776 3262 subditur:
802 3198 994 3274 Quurnobrena
1016 3197 1097 3276 luisti

90 3277 216 3361 pucilam
245 3279 469 3344 calumniantur
489 3281 644 3346 catholicos
667 3285 837 3364 scriptores,
863 3283 951 3362 quasi
968 3281 1097 3342 tradide-

89 3364 169 3435 rint,
190 3375 406 3427 succensentem
420 3368 600 3448 poeoitentice
617 3367 723 3449 absque
744 3368 817 3429 borio
839 3373 921 3426 neoto
936 3363 1095 3444 succipien-

91 3449 165 3508 tiunc
182 3449 314 3526 pretium
333 3451 474 3532 conserte.
496 3456 689 3533 Nequaquam
709 3449 964 3510 aulcmlraeretiei
990 3451 1095 3511 calum·

89 3531 413 3613 ntntnnrurscrtptorcs
425 3535 580 3598 catholicos
596 3537 662 3595 illos
671 3536 723 3613 qui
736 3534 1094 3595 dicebantsaeramentum

91 3616 274 3695 proeniteutioe
297 3623 421 3700 gratiam
441 3623 573 3684 conferre
589 3619 739 3692 contritis,
757 3618 806 3680 sed
827 3635 876 3680 cos
896 3615 1009 3761 tprpirm
1022 3662 1031 3691 ,
1044 3619 1095 3694 qui

916 3730 932 3761 L
958 3743 977 3759 u
