2450 3975
256 199 328 278 Cop.
344 200 374 257 1.
387 197 433 258 De
445 191 656 275 satisfactione.
669 194 749 257 77666.
764 196 793 255 i.
808 196 872 257 Art.
885 198 914 258 1.
1032 203 1084 262 lli

73 305 156 383 pont
171 347 179 375 ‚
195 304 293 360 lemen
310 308 376 379 post
396 299 612 359 absolutionem
634 296 806 371 obtentum,
821 300 890 377 quie
911 301 1027 363 nullum
1046 306 1089 365 eis

71 386 249 447 remedium
273 381 475 462 proscribitur
494 399 555 461 quo
575 390 812 458 praeserrentur,
829 383 912 446 brevi
925 387 1030 449 miseri
1042 406 1087 449 re-

72 470 246 541 lobuntur,
270 468 474 546 poenitentiam
501 481 562 526 nou
587 466 730 541 implent,
748 472 779 525 et
798 467 836 527 eb
857 466 921 545 ejus
948 471 1089 548 gravitate

72 554 216 615 deterriti
229 599 237 624 ,
250 552 387 613 deiudel
403 551 584 612 consessione
600 548 779 622 abhorrent,
804 560 835 613 et
858 555 900 615 sio
921 555 951 613 in
967 557 1089 632 nerontis

72 636 194 699 diutiirs
207 637 370 698 tabescunt.
385 634 530 697 Ceterum
541 632 589 693 hle
598 635 893 697 animadvertendum
907 647 996 715 puto,
1010 638 1089 716 quod

72 726 177 802 (extre
202 740 301 784 ossum
323 721 503 802 gravissimos
528 717 727 788 infirmitatis,
757 728 808 781 out
827 720 1090 783 vehementissimos

72 806 289 877 contritionis,
304 815 338 865 ut
358 802 447 884 suprl‘
466 804 579 862 dietum
599 810 641 862 est
664 822 696 863 66.
712 802 793 882 sot.)
813 822 873 867 uon
894 806 969 867 herii
991 814 1089 884 ageret

72 892 292 961 confessarius,
315 891 340 949 sl
361 908 417 968 pro
442 888 537 967 culpis
556 888 731 947 mortalibus
755 887 923 967 injungeret
945 891 1088 968 poeuiteu·

72 978 156 1038 tiam
173 994 227 1055 per
243 992 275 1034 se
294 976 410 1045 levem,
434 992 502 1053 quae
516 974 613 1033 levem
636 972 743 1033 inseret
763 974 984 1051 obligationem.
1011 976 1089 1037 ticet

72 1061 185 1131 enim,
207 1060 231 1120 si
252 1058 433 1136 expedierit,
459 1059 630 1136 imponetur
655 1075 728 1137 opus
762 1058 842 1137 quod
864 1059 1025 1137 respective
1051 1060 1089 1121 ml

72 1152 197 1225 percote
221 1143 260 1203 sit
282 1144 364 1215 levo,
384 1151 485 1203 temen
503 1142 679 1219 regulariter
700 1158 817 1219 sempor
844 1142 1023 1220 injungendo
1046 1152 1090 1205 est

71 1229 179 1304 ulique
197 1228 367 1305 poenitentia
380 1227 478 1304 gravis
491 1269 499 1297 ,
513 1244 579 1301 quer
601 1242 721 1303 gravem
735 1225 854 1285 induret
867 1227 1087 1305 obligationem.

120 1314 240 1372 611.-
258 1336 271 1363 o
287 1314 317 1371 6.
338 1314 405 1371 Non
417 1318 513 1387 potest
522 1308 638 1387 injungi
657 1311 686 1369 l.
697 1308 844 1387 ingressus
868 1311 1038 1389 religionis,
1055 1320 1089 1373 ut

73 1423 91 1455 6
119 1397 206 1456 ‹loeet
228 1394 286 1467 So,
307 1414 335 1455 o.
360 1391 553 1473 satisfactio,
570 1394 640 1470 quie
660 1392 692 1453 id
715 1394 804 1453 nimis
829 1394 939 1455 durum
957 1396 1086 1456 videtur.

36 1552 40 1556 ‚
74 1509 92 1538 ι
118 1482 152 1542 6.
173 1480 347 1540 Poenitentis
368 1478 485 1557 publiea
497 1522 506 1549 ‚
520 1478 544 1537 si
564 1479 604 1537 sit
624 1478 787 1556 perieulum
803 1480 966 1541 revelandos
978 1482 1088 1541 eonies·

75 1590 93 1622 ι
119 1565 232 1631 sionis,
257 1562 328 1623 eliis
357 1561 508 1623 interdum
540 1578 596 1641 pro
626 1562 744 1639 publico
775 1570 892 1640 promto
919 1571 1033 1643 potest,
1059 1570 1089 1625 et

75 1677 93 1707 n
118 1647 247 1727 expedit.
270 1672 284 1698 ’t
333 1678 338 1687 ¹

118 1732 222 1807 Quoad
234 1731 365 1809 primum
385 1735 516 1809 spectet,
530 1739 741 1793 eommunoest
756 1732 838 1809 opud
851 1734 915 1791 DD.
930 1750 990 1793 non
1007 1748 1088 1811 posse

76 1818 195 1895 imponi
212 1818 243 1875 in
264 1812 468 1893 poenitentiam
487 1814 652 1891 ingressum
669 1816 702 1873 in
721 1816 908 1892 religionem.
923 1819 966 1877 lte
981 1818 1086 1897 taym.

75 1924 104 1977 6.
121 1904 169 1963 16.
186 1903 276 1961 611.
292 1908 321 1960 et
332 1898 435 1960 Esoob.
452 1894 504 1960 tit.
520 1900 568 1959 17.
586 1916 618 1958 to.
633 1900 701 1959 166.
712 1916 779 1961 eom
791 1902 872 1963 Nou.
887 1903 947 1968 So,
963 1898 1043 1980 Sgio.
1061 1907 1090 1961 ot
1193 1974 1195 1979 A

76 1991 224 2051 Ilounon
236 1989 278 2045 D.
293 1982 349 2044 Tit.
362 1985 393 2044 6.
403 1986 434 2044 6.
452 2001 485 2064 q.
504 1985 554 2045 66.
574 1989 635 2044 ort.
660 1986 690 2047 6.
711 1985 757 2048 ln
770 1994 870 2045 eutem
894 1984 984 2064 possit
1000 1986 1087 2048 elicui

78 2067 616 2150 imponi,utrooipietsooremeutum
627 2069 1085 2135 matrimonii.llffirmetleoool.

77 2153 156 2220 (1.6.
170 2173 199 2235 q.
219 2154 268 2214 66.
286 2152 355 2214 oium
375 2154 574 2231 quibusdem,
592 2171 661 2218 essu
681 2172 742 2232 quo
759 2155 951 2215 oonlesserius
972 2158 1088 2218 noverit

79 2239 305 2302 matrimonium
331 2255 395 2297 esso
414 2239 459 2297 illi
481 2231 647 2298 remedium
669 2239 875 2298 necessarium.
899 2237 955 2296 Sed
982 2240 1087 2300 melius

75 2325 137 2386 lroe
152 2322 423 2403 reprolrentLoym.
435 2320 458 2383 i.
472 2342 496 2383 6.
507 2331 538 2383 et
547 2321 652 2385 lisoob.
666 2341 698 2382 66.
712 2324 780 2384 167.
798 2321 1086 2403 contingensque

78 2409 305 2470 matrimonium
318 2407 519 2468 omnimodam
531 2407 659 2484 requirit
672 2407 849 2470 libertatem.

121 2493 340 2567 llll—Quoad
351 2494 512 2553 seeundum
521 2499 642 2571 spectet,
652 2493 857 2571 poenitentium
868 2491 1086 2570 publieomoer·

78 2592 146 2641 tum
156 2587 273 2639 estnon
291 2595 374 2656 posse
388 2595 443 2655 pro
461 2587 578 2654 peceato
586 2579 702 2639 occulto
720 2577 852 2654 imponi,
868 2587 902 2636 ut
912 2576 996 2654 ajunt
1006 2595 1086 2638 eom·

77 2663 212 2726 munitor
225 2659 340 2722 Potitus
348 2679 381 2742 p.
396 2660 484 2741 ils.
497 2664 527 2722 6.
548 2680 580 2720 o.
594 2663 623 2722 6.
640 2659 729 2722 croto
739 2679 771 2720 u.
782 2663 869 2722 1666.
881 2657 1005 2722 66616.
1016 2664 1084 2723 666.

78 2757 110 2809 et
121 2745 178 2808 otis·
191 2748 322 2826 6666766,ι
335 2746 405 2824 quir
418 2790 426 2817 ,
441 2755 476 2804 ut
493 2746 600 2807 dorent
616 2747 648 2806 S.
667 2744 723 2806 Tit.
734 2745 913 2806 Noosmr.
929 2747 1019 2826 Vosq.
1033 2755 1085 2808 oto.

78 2851 132 2916 op.
155 2827 259 2901 utto,
282 2848 338 2910 per
353 2829 409 2889 hoe
433 2829 577 2891 indirecte
603 2831 786 2892 revelaretur
811 2831 970 2909 sigillum:
996 2832 1087 2910 idque

78 2914 215 2994 expressi
228 2914 366 2992 prohibet
378 2915 494 2974 Rituele
507 2917 594 2973 llom.
605 2915 705 2974 disens
719 2935 726 2973 =
743 2917 804 2975 Pro
821 2914 944 2995 poscatis
957 2913 1086 2988 occultis,

79 2999 271 3080 quaerimusis
286 2997 428 3080 grauibus
440 2995 650 3077 ,manifestam
660 2997 862 3078 poenitentiam
871 3017 932 3060 noo
941 2997 1085 3080 importat.

80 3088 139 3147 Pro
154 3091 271 3162 porceto
288 3092 388 3143 eutem
409 3083 528 3160 publico
547 3082 720 3155 dubitatur,
734 3101 773 3143 nn
790 3084 882 3162 possit
897 3083 1012 3161 publice
1029 3084 1086 3142 im-

80 3167 150 3250 poni
168 3167 360 3246 penitentie?
372 3169 488 3244 Negant
500 3167 580 3227 Neo.
594 3168 655 3244 So,
672 3171 743 3248 669.
758 3175 787 3228 ot
802 3171 880 3248 7696
904 3185 956 3248 op.
979 3163 1049 3226 Pot.
1063 3164 1085 3226 l.

79 3273 107 3314 6.
127 3249 154 3332 S.
177 3253 207 3311 5.
230 3269 262 3310 o.
283 3252 326 3327 6.,
349 3252 420 3328 qula
439 3251 504 3311 her
520 3259 596 3312 esset
617 3253 814 3313 manifestatio
833 3251 1038 3324 consessionis,
1057 3259 1085 3312 st

79 3337 200 3396 violatio
219 3335 319 3411 sigilli.
341 3335 400 3395 Sod
419 3337 618 3397 communiter
638 3354 721 3416 posse
740 3321 893 3396 illirment
914 3331 987 3396 Pol:
1010 3331 1032 3394 l.
1059 3354 1084 3396 6.

79 3418 214 3480 866661.
232 3421 281 3480 st.
295 3427 363 3482 6661.
377 3422 406 3480 6.
421 3439 455 3482 n.
471 3422 501 3482 5.
513 3424 591 3482 Bon.
616 3439 646 3499 p.
665 3424 694 3482 6.
709 3439 742 3482 tt.
760 3422 809 3482 li.
832 3417 923 3482 Groiro
942 3439 975 3480 66.
997 3423 1085 3500 llil.

84 3511 210 3586 666669.
223 3523 249 3566 6.
264 3508 295 3565 1.
306 3523 337 3586 q.
351 3507 381 3566 7.
395 3506 522 3568 61666666
529 3525 561 3586 p.
570 3507 639 3566 617.
653 3525 680 3566 r.
692 3509 721 3568 6.
733 3504 826 3568 sotm.
839 3505 987 3587 deponit.
1000 3526 1025 3568 o.
1037 3511 1085 3570 10.

80 3611 115 3652 π.
128 3590 176 3652 tt.
192 3586 310 3652 iiolzm.
325 3609 359 3651 n.
373 3587 583 3652 6661716616.
598 3591 667 3654 666.
687 3590 831 3656 6166666.
860 3589 950 3735 lbgi.
964 3609 998 3652 6.
1017 3595 1084 3654 161.

1167 3779 1203 3787 -ι
