2450 3975
182 212 253 292 cap.
266 210 353 271 ane
365 204 800 290 remunerationes.
813 209 920 271 anre
932 211 964 271 a.
1031 210 1087 272 os*

66 313 137 390 jecta
150 330 206 391 per
230 328 317 371 nares
326 312 416 371 Satur.
439 317 469 370 et
483 305 622 391 Fupuod.
637 308 719 390 apud
737 310 833 384 Viuo,
849 310 951 375 Tumd.
965 326 999 371 at.
1018 312 1068 373 25.

67 407 93 458 et
109 394 248 458 nortae
269 397 302 457 S.
316 397 427 455 Fausto
443 392 526 474 opud
548 393 643 454 Diuo.
667 392 702 455 ld
727 401 904 457 tamennon
924 396 1071 458 admitte-

68 501 150 555 rem,
164 483 191 543 si
218 481 286 559 quis
310 498 347 542 ex
374 481 527 558 proposito
551 480 688 539 tabacum
714 480 761 539 vel
782 498 887 558 equam
905 500 958 561 per
985 498 1071 543 nares

70 570 99 629 in
109 565 292 629 stomachum
307 563 473 641 trajiceret,
487 564 557 642 quia
571 564 603 625 id
622 582 682 625 non
698 572 830 625 sumeret
848 574 919 627 tune
937 584 989 644 per
999 568 1071 627 rim-

69 653 168 732 pliccm
176 652 381 711 attractionem
394 692 403 721 ,
414 648 467 709 sed
478 667 532 728 per
544 649 728 709 voluntatem
739 650 883 712 directam
895 649 1069 727 trajiciendi,

70 738 143 816 quod
159 737 246 796 nullo
262 735 352 796 modo
370 733 490 795 videtur
508 734 685 812 permissum
701 734 738 794 ab
751 734 887 797 Ecclesia.
902 734 959 805 Sed
971 734 1070 795 dices:

69 823 145 883 Actio
155 820 310 883 attractiva
319 838 379 881 non
388 826 432 879 cst
441 820 590 897 potativa,
606 820 655 881 vel
676 819 890 881 manducativa.
904 820 1073 899 Roepondc·

68 917 124 980 tur,
137 905 219 986 qudd
230 903 449 965 licdtlraecactio
461 923 523 965 non
533 904 600 964 sitia
613 913 719 966 natura
732 905 864 967 ordinata
871 906 908 967 ad
924 904 1072 983 trajicien-

67 993 134 1053 dum
144 990 367 1052 instomaclrum
378 996 502 1069 potum,
514 989 563 1049 vel
575 988 676 1050 cibum
690 999 808 1061 ,tamen
818 991 854 1051 ad
865 992 896 1052 id
912 991 1071 1053 ordinatur

67 1076 170 1157 abipso
187 1074 370 1151 attrahente3
386 1084 417 1136 et
427 1074 495 1137 ided
508 1091 545 1135 ex
557 1076 609 1135 tali
626 1076 790 1136 intentione
802 1076 902 1137 induit
919 1076 1072 1139 moraliter

68 1164 207 1223 rationem
221 1160 391 1239 potationis,
405 1160 679 1231 siveeomestionis,
699 1157 767 1221 edm
781 1160 957 1224 interveniat
973 1162 1071 1222 debita

68 1248 201 1319 materia,
222 1252 253 1305 et
267 1246 343 1305 actio
362 1254 429 1321 apta
451 1244 598 1305 adfinem
620 1243 802 1321 traiectionis
820 1246 852 1305 in
877 1244 1071 1306 stomachum.

102 1332 184 1393 ldem
200 1329 360 1391 dicendum
373 1329 412 1390 de
427 1329 503 1400 illo,
517 1328 569 1406 qui
590 1328 760 1407 pulverem,
776 1337 827 1389 aut
844 1329 990 1406 pluviam,
1003 1327 1075 1389 iloc-

69 1435 132 1477 cum
141 1416 239 1490 nivis,
252 1414 376 1476 culicem
388 1458 399 1486 ,
412 1414 475 1473 sive
490 1430 621 1473 muscam
630 1412 806 1491 deglutiret,
821 1430 890 1472 nam
903 1413 927 1473 si
940 1411 1075 1475 hoeaoci·

69 1502 146 1562 deret
156 1518 225 1562 casu
238 1518 292 1579 per
304 1499 549 1577 respirationem,
572 1498 676 1575 utique
686 1516 747 1558 non
766 1500 893 1559 solveret
904 1497 1073 1577 jejunium,

70 1587 308 1647 uteommuniter
322 1585 431 1644 docent
452 1585 542 1644 Stmr.
556 1602 585 1643 o.
605 1585 725 1659 me
736 1627 748 1659 ,
758 1585 840 1665 Lupo
853 1603 886 1644 n.
897 1586 947 1645 56.
963 1583 1074 1646 Hubert

69 1691 97 1752 p.
109 1672 177 1732 tto.
190 1672 277 1731 Goet.
290 1672 403 1729 Toum.
417 1663 472 1727 loc.
485 1667 535 1729 cit.
546 1686 574 1729 r.
587 1671 618 1729 2.
634 1668 722 1727 Corte.
743 1686 775 1727 o.
791 1669 821 1727 6.
834 1664 927 1729 sotor.
937 1667 1071 1729 oenum

69 1776 91 1814 r.
104 1758 133 1817 7.
146 1774 181 1835 ρ.
202 1754 233 1815 t.
251 1772 283 1813 o.
305 1754 353 1815 68.
373 1751 410 1812 in
418 1750 476 1830 fio.
495 1753 587 1814 ncnc.
609 1770 641 1834 q.
657 1754 687 1812 6.
705 1750 800 1814 derexi
815 1770 844 1831 q.
869 1754 899 1811 t.
913 1770 981 1812 cum
993 1753 1074 1812 Nou.

70 1843 177 1903 Bonae.
189 1834 298 1900 etoliia
307 1837 421 1917 msam
435 1838 528 1915 aquia
540 1836 607 1897 talis
621 1837 696 1896 actio
709 1854 770 1896 non
784 1845 830 1895 est
838 1837 978 1897 comestio
990 1878 1000 1909 ,
1023 1836 1074 1897 aed

69 1924 238 2004 respiratio,
248 1940 337 2000 quam
350 1921 474 1983 Ecclesia
485 1922 583 1981 noluit
594 1920 715 2000 quidem
729 1918 887 2000 prohibere
897 1942 907 2000 ;
917 1920 984 2000 quis
994 1922 1074 1983 eninr

69 2018 161 2090 posset
183 2012 336 2087 effugere,
353 2026 392 2067 ne
417 2007 530 2084 aliquid
551 2007 684 2086 pulveris
714 2025 783 2068 cum
805 2015 893 2069 vento
915 2007 1075 2088 deglutiat?

12 2128 13 2133 κ
70 2095 154 2159 Sectis
165 2093 240 2156 vert
257 2103 332 2154 essct
346 2094 393 2172 lut
408 2092 488 2154 recte
499 2093 586 2155 docet
605 2096 687 2176 Lupo
699 2112 732 2154 n.
749 2093 824 2172 56),
837 2096 862 2156 si
876 2096 942 2174 quis
960 2113 1076 2174 expro-

70 2184 160 2264 posito
176 2183 267 2242 vellet
279 2181 424 2252 culicem,
444 2188 496 2239 ant
508 2181 664 2259 pulverem
684 2179 840 2258 trajicere,
858 2183 927 2259 quia
940 2181 1001 2241 hme
1015 2201 1075 2244 non

70 2275 231 2328 eadmero
253 2265 406 2344 respiratio
417 2263 468 2325 sed
480 2264 646 2328 noluntaria
657 2264 824 2342 deglutitio.
840 2265 965 2325 Etldcm
977 2265 1078 2327 dicen·

71 2352 141 2412 dum
151 2348 260 2412 meriti)
273 2350 316 2409 ait
332 2351 416 2429 Lupo
433 2367 466 2409 a·
490 2351 539 2410 at.
553 2350 578 2409 si
594 2349 662 2428 quis
683 2350 842 2428 deglutiret
853 2347 966 2427 aliquid
977 2389 988 2423 ,
1001 2350 1077 2434 puta

72 2455 154 2497 uvam
167 2437 206 2496 ab
222 2437 315 2495 altero
334 2435 367 2494 in
382 2452 413 2493 oa
425 2433 490 2510 ejus
507 2435 688 2507 immissam,
702 2435 817 2496 etiamsi
837 2435 901 2512 ipse
913 2435 944 2496 id
956 2453 1017 2496 non
1026 2435 1078 2495 ad-

12 2580 13 2597 ,
72 2529 213 2593 verteret,
231 2529 263 2580 et
278 2537 345 2580 casu
364 2519 537 2596 respirando
554 2518 725 2596 trajiceret,
746 2520 816 2598 quia
839 2520 937 2580 noluit
957 2519 1077 2596 quidem

12 2606 13 2681 f
74 2606 193 2666 Ecclesia
204 2604 350 2683 impedire
362 2604 603 2663 communionem
618 2604 657 2664 ob
672 2605 870 2682 sumptionem
881 2619 999 2678 rerum,
1013 2621 1080 2680 qum

74 2707 123 2765 per
132 2690 357 2770 respirationem
368 2705 437 2748 cum
459 2693 529 2750 aere
549 2686 824 2760 attrahuntur,sed
833 2703 1079 2766 earumquaenun

73 2773 243 2836 deteruntur
257 2778 418 2834 cumaiire.
786 2847 792 2856 ἱ

109 2859 269 2919 Dubitatur
282 2859 313 2918 7.
337 2860 384 2917 An
403 2857 497 2918 solvat
518 2855 669 2935 jejunium
686 2858 784 2918 tumus
801 2857 911 2932 tabaci,
930 2865 982 2921 aut
996 2859 1079 2921 simi-

74 2942 125 3001 lis?
137 2943 295 3004 Affirmant
308 2945 420 3027 pariter
429 2945 567 3017 uzarae,
582 2941 760 3015 ctAotoioc,
774 2941 809 3002 de
819 2945 914 3004 Leone
923 2964 974 3025 ap.
985 2943 1078 3006 Schn-

75 3024 208 3087 deEuck.
222 3046 249 3087 c.
264 3027 294 3085 7.
308 3045 342 3106 p.
354 3028 383 3086 lo.
402 3046 435 3087 o.
449 3029 512 3100 il„
526 3028 595 3105 quia
608 3027 655 3108 (ut
674 3028 786 3106 dicunt]
804 3029 903 3089 sumus
915 3031 1005 3089 etiarn
1026 3029 1081 3088 ali-

75 3129 131 3188 quo
151 3112 242 3174 modo
262 3114 370 3172 nuent.
388 3115 502 3192 Negant
526 3113 598 3174 vero
619 3115 836 3187 communiter,
849 3121 880 3174 et
896 3112 1081 3190 probabilius
1136 3166 1140 3173 ,
1166 3176 1168 3180 ,

76 3192 189 3256 Holzm.
205 3217 238 3258 n.
252 3199 302 3258 82.
313 3200 462 3277 Sperasse.
478 3199 548 3258 tot.
565 3199 654 3262 Graiu
666 3219 698 3260 o.
714 3199 782 3260 570.
794 3200 955 3259 cumrlocr.
968 3199 1082 3257 ctBotc

77 3277 143 3339 deo.
160 3280 278 3344 Viaco.
288 3283 318 3342 8.
334 3300 401 3342 cum
415 3278 497 3342 Trai.
512 3282 616 3345 Tomi.
636 3287 770 3364 Proepos.
783 3291 811 3342 et
821 3279 916 3342 natm.
927 3278 1001 3342 toto.
1015 3299 1081 3340 cuin

77 3362 161 3423 Scor.
180 3367 303 3443 Diooo,
331 3384 366 3425 ac
390 3363 491 3429 vitiat.
516 3368 716 3446 Eamdemque
744 3367 920 3447 sententiam
947 3367 1082 3443 sequitur

77 3446 283 3512 BeneXmV.
294 3449 466 3512 delituisset.
478 3454 508 3512 9.
521 3449 573 3513 tto.
583 3454 614 3512 5.
626 3471 651 3512 c.
663 3454 713 3511 ll.
722 3458 831 3510 testans
843 3447 917 3508 hanc
932 3453 1080 3510 communi

78 3527 305 3602 Dllaeonsensu,
321 3533 526 3597 hodiernodie
546 3536 728 3596 confirmari.
756 3533 869 3609 Ratio,
894 3535 961 3613 quia
982 3535 1081 3596 fumus

81 3613 169 3677 tabeel
179 3636 277 3698 neque
286 3625 331 3680 est
343 3621 427 3682 eibius
441 3628 492 3683 aut
506 3628 612 3700 potus,
625 3635 721 3697 noque
731 3617 859 3680 sumitur
868 3635 920 3697 per
934 3619 1082 3680 comestio·
