2450 3975
103 227 161 289 308
335 222 398 286 tto.
418 222 448 283 6.
468 222 607 284 Tracti.
630 222 673 282 De
688 217 873 302 penitentia.

101 328 185 389 tritio
203 323 366 405 justificans
388 320 540 383 hominem
560 329 643 382 extra
663 329 899 395 sacramentam,
920 326 955 378 ut
974 332 1108 377 comma-

102 410 182 471 niter
206 409 313 470 docent
332 408 396 467 DD.
424 407 523 474 citati,
544 424 579 465 cx
599 408 641 466 D.
671 405 726 467 Tlr.
747 406 799 485 qui
826 404 963 484 pluribus
983 402 1016 462 in
1036 401 1110 461 locis

102 494 132 555 id
152 510 212 557 non
245 490 369 553 obscuri
391 491 477 553 docet
498 512 507 567 3
528 491 640 551 etenim
662 493 695 551 ia
716 492 812 571 Sapp.
827 508 857 571 ᾳ.
880 492 911 551 li.
933 496 992 548 art.
1014 489 1045 547 5.
1069 486 1111 545 sie
1214 507 1215 510 ¹

102 579 166 639 nit:
191 576 396 639 contritione
417 576 493 654 soepl
519 573 631 636 dietam
652 582 717 647 est,
741 572 831 636 saoce
857 570 1004 655 duplicem
1027 567 1111 633 tcta

101 678 191 738 rem,-
216 680 313 723 naum
338 657 491 734 rationis,
521 657 576 741 qni
604 667 648 720 est
682 656 870 739 displicentia
893 656 1007 740 peccati
1032 672 1111 717 wra-

73 760 77 769 ·
101 745 216 823 missi,
237 744 329 808 ethic
349 750 521 827 potestesse
549 740 622 804 acteo
638 760 769 825 pareas,
796 742 876 823 chd
899 761 961 803 aaa
987 736 1113 821 sufficiet

107 830 148 891 ad
169 832 312 893 rationem
331 826 536 904 contritionis,
552 836 587 887 at
605 826 634 889 si
651 828 751 888 minus
773 826 937 911 displiceret
962 826 990 885 ei
1010 842 1112 906 pecca

105 923 192 991 tetra,
217 916 307 995 qrcdm
327 910 427 973 debeat
450 908 601 992 displicere
622 911 771 995 separatio
788 915 809 973 d
831 911 911 993 fiete
931 910 1007 972 sicut
1021 908 1113 969 etiam

103 1018 189 1061 amor
204 1003 298 1079 potest
315 1014 375 1058 esse
390 995 436 1056 ita
454 998 612 1068 rescissas,
626 996 705 1080 qaid
716 1014 779 1060 aon
794 993 956 1077 suffieitad
967 993 1114 1054 rationem

103 1081 277 1158 connatis,
292 1078 388 1141 aliane
402 1077 530 1143 dolorem
552 1080 640 1145 labet
657 1083 691 1143 in
708 1100 812 1160 mrsu,
827 1090 857 1142 et
872 1078 1009 1163 parvitas
1021 1075 1113 1157 tcujca

103 1184 164 1228 non
182 1162 306 1247 impedit
324 1164 470 1225 rationem
492 1166 675 1228 contritionis
681 1190 693 1243 ,·
705 1166 778 1246 quia
795 1184 857 1227 non
874 1183 904 1226 se
920 1162 1006 1227 lineet
1017 1180 1071 1243 per
1082 1176 1114 1221 se

104 1248 431 1323 decoratissimam
440 1250 528 1331 qnasi
536 1268 572 1311 ea
581 1250 725 1313 accidente
734 1251 763 1313 ei
771 1249 998 1333 odjaapitar3et
1008 1246 1116 1308 iterim

104 1354 166 1397 non
188 1344 232 1397 est
250 1334 284 1395 in
302 1334 435 1417 potentia
459 1343 573 1395 nostra.
594 1336 708 1396 Deinde
727 1338 769 1396 sie
788 1334 960 1396 concludit:
979 1332 1028 1393 Sic
1047 1334 1117 1412 erpo

105 1418 277 1489 direrrcluae,
295 1417 375 1499 qaid
390 1426 657 1499 qeeaatrnaeceaeqne
676 1438 789 1500 pareus
800 1419 841 1480 sit
851 1415 945 1490 dolor,
959 1416 1118 1479 denatandi

107 1505 147 1567 nd
165 1503 351 1567 contritionis
364 1504 508 1564 rationem
525 1501 670 1584 sufficiat,
685 1524 800 1566 oarann
811 1502 930 1585 culpane
942 1498 1028 1562 delet.
1039 1502 1117 1579 Ergd

107 1608 142 1649 ox
165 1592 202 1648 D.
218 1588 273 1649 Tle.
291 1588 360 1656 ille,
375 1588 421 1647 cui
436 1587 569 1665 displicet
586 1590 732 1665 separatio
749 1589 839 1649 etiae
848 1635 857 1664 ,
868 1588 931 1666 jam
944 1587 1033 1647 habet
1046 1604 1118 1645 eon-

107 1675 260 1734 teitionam
279 1672 473 1733 sufficientem
491 1670 528 1731 ad
546 1681 698 1751 paccatum
720 1674 901 1750 delendum,
925 1673 976 1733 ille
997 1680 1117 1741 antem,

109 1760 160 1839 qai
182 1757 270 1817 habet
291 1758 502 1817 contritionem
523 1766 618 1817 ortam
644 1775 681 1817 ex
702 1758 843 1820 charitate
865 1757 1118 1836 praedominante,

105 1843 167 1921 jam
184 1846 211 1903 ai
233 1842 325 1917 magis
342 1843 477 1921 displicet
494 1853 667 1921 peccatum,
690 1846 759 1921 quia
780 1853 824 1905 est
843 1845 988 1922 separatio
1005 1840 1022 1900 a
1038 1840 1119 1913 fine3

107 1926 249 2007 ergdjem
261 1927 309 1987 hic
318 1928 507 2006 consequitur
517 1928 720 1990 remissionem
731 1931 920 2009 peccati.Nec
929 1929 1008 1989 valet
1018 1926 1121 1987 dicere

108 2011 188 2091 quid
201 2014 231 2070 S.
240 2015 350 2072 Doctor
362 2013 501 2089 loquatur
514 2009 563 2071 hie
576 2013 613 2072 de
629 2013 731 2074 dolore
743 2015 884 2094 requisito
896 2015 926 2073 in
936 2019 1123 2082 sacramento

108 2095 300 2174 poenitentiae.
323 2097 463 2168 Quamvis
484 2097 564 2156 enim
587 2093 636 2156 hie
658 2099 797 2176 loquatur
816 2099 855 2159 de
875 2098 1009 2178 partibus
1029 2094 1122 2172 hctjus

108 2179 305 2250 sacramenti,
327 2187 426 2240 tamen
445 2179 595 2256 loquendo
618 2181 656 2241 de
678 2182 874 2254 contritione,
889 2180 1067 2260 generaliter
1081 2180 1123 2238 de

109 2263 170 2341 ipsa
187 2263 321 2342 loquitor
341 2272 482 2340 tanquam
502 2263 634 2337 virtute,
650 2274 740 2344 prout
760 2265 872 2326 iaciunt
893 2274 1043 2339 auctores,
1065 2266 1122 2341 qai

108 2349 222 2426 agendo
231 2350 268 2408 de
277 2348 379 2408 dolore
389 2349 530 2426 requisito
541 2348 578 2409 ad
590 2360 807 2411 sacramentum
818 2348 1017 2430 peonitentia,
1028 2356 1124 2425 agant

108 2435 197 2492 etiam
218 2433 255 2492 de
278 2432 456 2493 contritione
479 2433 510 2492 in
533 2451 653 2511 genere.
676 2435 761 2496 Unde
781 2435 813 2496 S.
835 2433 891 2497 Tic.
914 2434 956 2493 ibi
980 2434 1126 2510 proponit

109 2519 323 2595 quaestionem,
341 2517 444 2578 ntrdrn
462 2537 560 2599 parvo
582 2520 718 2582 contritio
737 2517 869 2603 sufficiat
889 2518 929 2580 ad
950 2515 1124 2579 deletionem

109 2619 285 2682 receptiorem
302 2609 485 2683 metatorem
495 2609 510 2662 t
522 2607 558 2664 Et
572 2605 643 2666 inde
659 2606 802 2667 resolvit:
821 2602 1123 2682 Quaelibet-aeaeritia

109 2694 153 2748 est
166 2689 268 2767 pratia
285 2695 405 2768 protero
420 2685 534 2767 faciens
545 2687 710 2769 informata
719 2714 731 2767 ,·
747 2692 835 2772 erpi,
850 2696 1126 2768 quantamcumque

109 2772 151 2832 sit
167 2791 281 2852 parere,
302 2770 377 2832 delet
392 2789 507 2833 enarrem
522 2772 652 2855 culpam.
670 2779 695 2837 N
699 2777 792 2836 ullum
812 2773 882 2847 hic,
900 2791 996 2852 neque
1010 2773 1042 2832 in
1057 2781 1122 2832 tato

110 2855 236 2917 articulo
256 2857 381 2916 verbum
400 2857 467 2918 facit
483 2859 512 2918 S.
531 2862 640 2920 Doctor
659 2861 697 2919 de
715 2868 897 2922 sacramento
919 2856 1124 2937 poenitantico3

111 2957 164 3002 eur
182 2939 254 3018 ergo
274 2941 365 3018 ipsius
386 2941 520 3003 doctrina
540 2953 585 3002 est
602 2944 805 3023 restringenda
818 2943 856 3004 ad
868 2943 1077 3004 contritionem
1090 2942 1125 3002 in

111 3029 317 3085 sacramento?
340 3025 472 3098 Deinde,
495 3025 585 3104 qnid·
598 3028 660 3105 ipse
677 3030 815 3107 loquatur
837 3029 876 3088 de
892 3025 1071 3087 contritione
1091 3026 1126 3087 in

111 3127 237 3188 genere,
254 3118 334 3189 patet
352 3127 389 3170 ex
409 3112 641 3187 questionibus,
656 3133 729 3191 quas
742 3114 949 3174 antecedenter
962 3111 1125 3190 proponit,

113 3206 219 3272 stampe
233 3214 241 3252 t
257 3197 306 3253 Aa
328 3192 465 3255 aorrtritio
483 3193 523 3254 sit
543 3192 627 3257 dolor
645 3216 701 3279 pro
722 3197 847 3279 peccatis
865 3202 1036 3275 msaacptns
1055 3213 1127 3254 curn

61 3283 65 3290 '
109 3279 259 3357 proposito
274 3276 1129 3358 confitendi?dresitactnsvirtutistdrecontritiodebent

111 3377 171 3450 esse
190 3359 225 3419 de
242 3369 357 3439 peccato
375 3359 535 3441 oripireali?
552 3365 600 3424 Aa
619 3374 681 3426 tota
698 3366 762 3428 vita
781 3364 823 3426 sit
840 3374 953 3445 tetrepus
968 3361 1125 3423 contritio·

113 3447 187 3528 prs?
202 3445 250 3500 Aa
270 3443 304 3502 ia
321 3442 383 3504 alia
400 3447 463 3505 vita
482 3447 593 3510 arctae
614 3459 806 3512 conterantur
828 3448 865 3510 de
883 3447 1124 3531 peccatistsnb·

108 3529 184 3610 ,tecta
204 3521 313 3584 horum
327 3527 490 3588 dubiorum
509 3531 610 3593 reduci
632 3535 752 3611 quidem
775 3551 834 3593 non
858 3542 980 3612 possunt
993 3531 1030 3591 ad
1049 3548 1125 3591 eon-

112 3605 261 3660 trnronem
286 3605 329 3666 uti
353 3615 506 3674 materiam
527 3622 713 3680 sacramenti.
734 3621 895 3694 Praeterea,
912 3617 992 3696 quiid
1012 3617 1045 3676 8.
1064 3617 1121 3679 Te.
