2450 3975
363 170 435 249 Cep.
453 165 869 230 bllecontritiooellehh.
1064 173 1121 234 507

111 272 299 357 communitis
314 269 416 331 haberi
434 288 490 348 pro
503 267 656 329 moraliter
668 270 927 345 certa3ncmincm
945 269 1025 333 enim
1051 273 1123 335 latet

109 360 142 419 in
160 358 283 419 materia
306 362 559 417 sacramentorum
579 353 718 413 illicitum
736 372 798 413 esse
819 354 902 432 sequi
924 356 1120 434 opinionem,

110 456 177 521 quae
190 459 250 503 nen
272 441 377 502 situel
399 440 513 514 tutior,
535 438 584 497 val
603 438 757 500 moraliter
779 447 878 499 certa:
894 442 997 501 saltem
1018 442 1122 503 Ponti·

109 526 177 595 tex.
200 527 323 587 sialiter
336 524 529 593 intendisset,
543 522 575 583 id
599 523 774 602 simpliciter
795 525 969 598 asserendo,
983 543 1120 605 magnam

110 610 348 671 dedissetansam
372 607 490 669 errandi
510 608 541 667 in
554 626 588 669 rc
606 616 668 669 tam
680 609 786 687 gravi,
810 618 841 669 et
862 608 899 669 ad
919 610 1033 688 praxim
1052 629 1119 689 spe·

110 703 207 756 etanta
219 740 227 767 ,
241 704 331 775 prout
348 704 393 755 est
418 693 540 755 materia
560 692 695 772 proxima
717 691 806 771 hujus
829 696 1020 767 sacrmenti,
1040 696 1118 756 unde

109 789 156 841 tot
166 781 334 841 animarum
347 778 456 857 pendet
467 778 556 838 salus.

148 866 294 928 Probatur
304 866 335 925 ⁹2.
350 864 482 936 ratione,
503 863 571 942 quia
589 872 767 924 sacramenta
784 862 816 925 id
832 864 955 942 quidem
968 864 1117 939 efficiunt,

110 957 141 1011 et
152 958 219 1011 aetu
231 950 362 1012 efficiunt
372 949 450 1029 quod
460 948 626 1025 significant
635 969 645 1023 ς
653 948 722 1008 edm
731 958 829 1009 autem
840 948 1119 1011 hocsacramcntnm

109 1052 147 1094 ex
159 1033 266 1095 Christi
280 1034 467 1094 institutione
480 1033 518 1092 sit
528 1039 743 1093 sacramentum
756 1041 958 1105 mormanno,
976 1044 1006 1093 et
1022 1052 1075 1113 per
1088 1052 1119 1093 se

108 1117 240 1200 primam
249 1118 345 1179 valeat
355 1118 488 1177 conlerre
501 1118 625 1194 gratiam
635 1161 644 1188 ,
654 1128 769 1194 oportet
781 1117 918 1195 (utdocet
925 1120 966 1179 D.
980 1118 1034 1180 Tb.
1048 1137 1079 1198 p.
1088 1119 1118 1179 5.

47 1196 59 1219 “
109 1220 141 1281 q.
153 1202 203 1263 st.
214 1210 273 1263 art.
288 1204 318 1263 5.
328 1199 368 1263 ud
379 1200 422 1279 5.)
433 1211 466 1262 ut
478 1202 611 1261 sacerdos
621 1203 814 1279 poenitentem
827 1202 978 1262 absolvens
988 1203 1120 1263 ostendat

109 1282 1119 1362 illumahsolutumnonsoldmsignificativd,sedetiamellectivd,id

109 1378 172 1441 est,
189 1378 241 1442 ut,
260 1370 325 1448 ipso
341 1370 509 1449 proterente
523 1370 650 1429 formam
663 1370 875 1442 absolutionis,
892 1370 1046 1430 verbailla
1061 1388 1121 1430 non

108 1451 206 1513 soldm
215 1453 456 1532 significarent
466 1454 554 1513 etiam
567 1453 694 1513 efficiant
703 1454 907 1514 remissionem
915 1454 1034 1532 pcccati.
1047 1454 1121 1513 Hine
1193 1485 1199 1499 =

107 1534 338 1615 dicimus,qudd
346 1538 535 1598 siattritioad
544 1538 748 1598 remissionem
756 1538 1122 1614 nonsufficeret,etrequi·

106 1629 227 1681 reretur
235 1622 390 1695 contritio,
403 1641 468 1700 quae
478 1631 559 1681 extra
571 1632 786 1682 sacramentum
796 1621 949 1683 hominem
957 1622 1117 1698 justificat,

108 1705 1121 1783 omnespoenitcntesdeberentjustiiicatiaccedereadhoesaeramen-

43 1800 46 1806 '
108 1791 256 1850 tumNec
267 1791 345 1849 valet
355 1790 452 1849 dicere
462 1833 471 1860 ,
482 1788 563 1867 quod
574 1790 689 1849 etiamsi
705 1790 880 1866 prenitentes
890 1807 1006 1868 semper
1015 1788 1121 1865 justili-

109 1874 167 1932 cati
177 1874 348 1933 accederent
357 1918 365 1946 ‚
373 1891 489 1951 semper
497 1874 526 1931 vi
539 1874 665 1933 clavium
677 1882 793 1950 peccata
801 1874 1027 1933 remitterentur
1036 1918 1044 1942 ,
1052 1870 1121 1933 edm

108 1955 211 2018 doceat
229 1958 458 2030 Tridentium,
479 1957 688 2018 contritionem
709 1956 852 2019 charitate
874 1958 1033 2038 perfectam
1059 1975 1120 2020 non

104 2039 267 2118 justificare
280 2043 344 2101 sine
360 2042 535 2120 sacramenti
547 2051 618 2102 voto
634 2041 778 2120 (intellige
792 2043 947 2122 explicito,
961 2043 1008 2102 vel
1019 2042 1122 2121 impli-

107 2125 199 2202 cito);
216 2143 286 2188 nam
299 2125 514 2204 respondetur,
535 2125 616 2205 quod
637 2127 661 2185 si
681 2124 738 2188 hoc
753 2137 849 2199 esset,
864 2145 1028 2205 numquam
1043 2126 1122 2186 veri·

106 2209 266 2284 ficeretur,
283 2221 499 2272 sacramentum
516 2211 697 2289 poenitentiae
716 2223 784 2272 actu
801 2212 917 2273 efficere
933 2211 1012 2288 quod
1030 2211 1121 2287 signi·

24 2323 25 2326 ¹
109 2293 199 2366 licat,
222 2295 332 2355 scilieet
347 2295 562 2356 absolutionem
583 2306 782 2369 peccatorum.
798 2297 942 2355 Praeterea
963 2294 1123 2372 responde·

107 2387 161 2437 tur
181 2397 218 2439 ex
237 2397 303 2441 cun.
325 2381 359 2441 Si
381 2379 538 2459 Presbyter
555 2382 603 2440 lb.
623 2389 652 2439 et
673 2398 739 2440 con.
764 2378 945 2459 Apnoointns
965 2381 1013 2439 ld.
1038 2397 1142 2459 caus.»

107 2463 159 2524 ⁶26.
179 2481 208 2543 q.
230 2465 259 2524 o.
274 2461 530 2542 quadratianus,
549 2475 579 2524 et
596 2463 767 2526 Caelestinus
784 2465 870 2539 Papae
882 2463 1004 2534 dicunt,
1027 2480 1123 2522 sacer-

107 2545 209 2607 dotem
230 2557 387 2627 negantem
406 2549 622 2609 ahsolutionem
646 2549 785 2609 morienti
800 2565 864 2606 cam
877 2547 1037 2626 postulanti
1053 2563 1122 2606 cau·

108 2647 173 2690 sam
187 2649 248 2691 esse
265 2633 344 2692 illius
358 2633 575 2708 damnationis,
589 2630 660 2711 ergo
674 2639 847 2710 supponunt
858 2631 1032 2703 Pontifices,
1042 2630 1123 2708 qudd

90 2726 174 2777 esto
193 2717 322 2778 moriens
344 2715 467 2777 haberet
484 2726 588 2777 votum
609 2717 803 2786 sacramenti,
825 2724 855 2775 et
875 2709 1033 2792 dispositus
1048 2723 1123 2775 esset

109 2800 147 2860 ad
168 2801 405 2876 absolutionem,
432 2811 530 2864 tamen
554 2802 592 2864 ab
616 2801 681 2878 ejus
703 2801 889 2880 negationem
911 2800 1122 2879 damnaretur5

108 2883 181 2964 ergb
198 2885 342 2946 absolutio
364 2895 431 2947 actu
452 2894 569 2964 peccata
589 2887 727 2948 remittit.

149 2969 219 3028 tlt.
235 3001 274 3014 -
291 2971 353 3031 lloc
376 2989 437 3032 non
459 2971 580 3049 quidem
603 2980 713 3049 negant
733 2971 853 3050 ipsimet
877 2971 1056 3045 adversarii,
1072 2970 1123 3032 scd

109 3052 216 3114 dicunt
234 3052 276 3132 (et
293 3055 443 3132 signanter
457 3052 538 3134 Syia.
552 3055 585 3115 t'n
598 3053 703 3136 Seppl.
712 3059 754 3118 D.
770 3055 825 3117 Th.
837 3074 869 3135 q.
883 3059 912 3117 5.
929 3075 976 3116 ar.
989 3055 1030 3132 l.)
1043 3053 1123 3132 qudd

110 3145 264 3216 peccatum
281 3147 364 3199 extra
384 3150 598 3200 sacramentum
622 3143 786 3202 remittitur
805 3139 921 3202 anaim
938 3157 992 3218 per
1011 3138 1123 3198 contri·

111 3225 227 3283 tionem
248 3225 407 3302 perlectam
421 3268 430 3297 ,
444 3242 551 3304 nempe
574 3229 753 3304 quaeritur
773 3243 810 3286 ex
830 3225 972 3285 charitate
988 3223 1121 3293 intensa,

111 3324 174 3367 non
187 3315 286 3370 autem
301 3327 355 3389 per
373 3311 584 3372 contritionem
598 3330 665 3389 quea
676 3313 773 3374 oritur
783 3329 819 3368 cx
831 3309 971 3368 charitate
983 3305 1122 3377 remissa,

108 3393 174 3451 sive
188 3409 241 3469 per
260 3394 442 3454 attritionem
462 3403 558 3456 ortam
576 3414 728 3457 examore
746 3393 901 3463 inchoato,
918 3392 989 3468 qui,
1003 3389 1072 3450 licet
1084 3392 1124 3451 sit

110 3478 352 3554 pradominans,
374 3481 413 3539 sit
433 3489 533 3540 tamon
556 3481 708 3540 remissus.
727 3478 784 3538 Sed
804 3474 1020 3553 respondetur,
1043 3475 1124 3552 qubd

109 3560 208 3623 omnis
221 3560 306 3624 dolor
313 3608 323 3640 ,
344 3565 395 3642 qui
417 3565 514 3626 oritur
525 3583 561 3624 ex
575 3562 717 3623 charitate
732 3559 983 3639 praedominante,
997 3565 1041 3618 est
1053 3576 1123 3617 eon·
