2450 3975
140 186 199 247 aaa
381 184 446 247 an.
462 187 493 246 a.
511 183 906 265 neminemnam.

140 284 381 347 commixtionem
401 288 642 365 propinquorum
662 301 757 364 usque
777 283 816 343 ad
836 290 978 363 quartum
1000 284 1146 364 gradum,

139 368 299 429 elevaverit
313 367 484 446 hujusmodi
500 370 708 431 abstinentiam
721 367 758 429 ad
771 370 914 429 virtutem
930 369 1047 447 pietatis
1062 381 1148 432 natu·

139 456 242 514 naliter
261 454 369 517 debitae
391 458 533 536 sanguine
551 457 682 534 iuuetis,
698 474 759 517 non
775 472 830 533 per
846 454 905 515 boe
920 464 1020 516 tamen
1033 456 1148 528 ederit,
1172 509 1178 523 ,

139 538 217 617 qubd
239 542 446 619 propinquitas
467 540 575 601 borum
598 541 746 619 graduum
771 540 926 599 induceret
947 538 1149 603 diversitatem

138 622 303 698 specificam
323 625 487 686 naturalem
499 646 509 701 ;
521 627 664 685 naturalis
677 642 758 685 enlm
770 622 925 683 daversrtas
934 623 1068 700 speeiiiea
1083 644 1152 703 gra·

139 704 233 769 duum
261 707 375 769 tantum
398 716 443 769 est
464 709 645 770 desumenda
664 727 702 768 ex
723 706 916 768 difformitate
936 724 990 785 per
1010 726 1042 768 se
1064 719 1151 769 natu-

139 790 216 863 rali,
235 810 301 870 qum
318 793 510 871 probabiliter
528 810 590 853 non
612 792 696 853 adest
714 790 795 851 iuter
817 789 927 867 gradus
942 794 1151 871 consanguini-

139 876 207 935 tatis
228 878 348 955 (prater
364 879 497 955 primum
512 879 599 939 linem
618 886 724 946 rectae,
738 885 773 936 ut
790 874 952 953 diximus),
964 878 1150 954 magisenim
1187 929 1190 932 ,

139 966 170 1019 et
186 962 284 1020 minus
306 978 366 1021 non
389 964 505 1023 variant
523 964 662 1041 speeiem.
677 964 714 1020 Et
730 978 786 1039 pro
801 958 857 1020 bae
874 960 1019 1021 sententia
1031 961 1151 1021 videtur

138 1043 341 1107 indubitanter
352 1064 414 1108 esse
425 1050 471 1125 (ut
483 1066 545 1108 non
555 1047 672 1108 dubitat
681 1049 764 1108 Cant.
781 1048 892 1106 Toum.
901 1042 956 1104 loe.
966 1046 1017 1105 eit.
1027 1045 1063 1105 in
1069 1044 1149 1123 fine,

138 1125 206 1187 lieet
223 1126 271 1188 hie
288 1138 390 1192 auctor
402 1132 440 1191 ait
452 1150 507 1211 pro
521 1132 669 1191 contraria
679 1129 836 1205 sententia)
847 1130 940 1187 etiam
958 1131 999 1189 D.
1014 1128 1071 1189 rt.
1081 1132 1149 1190 Μ.

138 1226 170 1289 q.
186 1213 251 1273 ltl.
267 1233 298 1275 a.
310 1216 340 1275 9.
352 1214 393 1277 ad
406 1218 435 1277 5.
451 1218 502 1276 ubi
523 1218 565 1277 sic
583 1217 626 1276 ait
642 1237 652 1276 a
669 1218 711 1276 In
730 1212 935 1274 ommistione
953 1230 1150 1293 menarum

138 1295 363 1377 conjunctorum
379 1298 497 1380 aliquid
508 1308 566 1375 est,
583 1298 661 1381 quod
679 1307 723 1359 est
740 1294 900 1358 meandum
920 1313 951 1355 se
969 1296 1106 1359 indecens
1123 1308 1153 1360 et

138 1396 309 1461 repnpnana
328 1383 465 1445 naturali
480 1384 595 1445 rulioau'
602 1429 610 1455 ,
627 1385 705 1444 sicat
724 1378 803 1459 quod
816 1378 985 1441 commistio
997 1379 1058 1459 fiet
1074 1384 1153 1444 inter

135 1476 275 1542 parentes
294 1476 323 1528 et
338 1467 438 1547 filios.
451 1487 579 1549 quornm
591 1477 634 1529 est
650 1484 749 1547 perse
767 1473 796 1524 at
812 1462 985 1524 immediata
995 1466 1150 1544 copnotim

138 1566 210 1607 nona
225 1549 288 1629 fitia·
298 1551 477 1614 naturaliter
488 1553 627 1614 bonorem
638 1550 746 1612 babent
757 1548 978 1631 parentibus...
992 1546 1071 1610 Aliae
1083 1555 1152 1613 aera

137 1650 288 1713 persone,
309 1656 376 1717 quoe
394 1657 456 1699 non
474 1638 695 1719 eanjunpuntnr
714 1633 874 1695 secundina
890 1632 1088 1713 seipana‚sed
1097 1654 1152 1715 per

139 1716 271 1781 ordinem
285 1720 493 1802 adparentes,
510 1742 571 1785 non
583 1721 695 1783 babent
705 1722 749 1780 ito
761 1738 798 1779 es
814 1717 919 1798 seipsis
935 1716 1148 1797 indecentiam,

139 1802 420 1871 aedoarialurciran
431 1808 483 1871 boe
494 1799 849 1869 deoemioeela'ndeeentio
860 1801 1021 1865 secundnm
1030 1822 1152 1867 consue-

140 1887 288 1967 tudinem,
310 1900 338 1953 et
358 1890 448 1973 {apem
464 1892 628 1955 humanum
636 1937 647 1969 ,
664 1888 710 1951 oei
726 1887 878 1960 divinam,
892 1888 923 1948 id
935 1896 980 1947 est
991 1890 1151 1966 positivam

139 1971 177 2031 de
195 1972 265 2048 jure
287 1976 400 2037 divino.
416 1980 453 2038 Et
474 1977 553 2038 idem
569 1978 688 2037 videtur
706 1974 811 2034 doedre
830 1975 871 2034 D.
886 1973 1072 2054 dispostione
1086 1974 1150 2056 (op.

138 2055 179 2116 D.
193 2055 247 2116 rt.
261 2058 369 2120 meod.
381 2081 411 2119 α.
423 2061 577 2138 9.)dleens
592 2083 600 2119 z
619 2059 794 2120 commixtio
815 2078 949 2120 sororum
970 2065 1000 2118 et
1014 2057 1154 2137 fratrum

139 2143 252 2218 quanto
268 2142 332 2222 [nat
346 2143 501 2222 antiquior
520 2141 706 2224 eornpailente
726 2143 917 2215 mansino,
939 2140 1024 2204 tnntd
1046 2153 1153 2222 posteo

137 2221 220 2304 saeta
241 2236 284 2289 eat
304 2226 502 2290 damnabilior
523 2225 665 2310 retipione
686 2227 729 2305 lid
744 2235 789 2287 est
808 2227 943 2305 lieelesia)
962 2225 1150 2308 probibente.

139 2311 237 2372 Prima
251 2315 395 2374 sententia
413 2319 458 2375 est
471 2313 571 2378 minias
590 2312 752 2394 probabilis
762 2333 773 2391 3
785 2313 912 2375 seeundo
924 2321 955 2372 et
965 2312 1053 2372 tertia
1064 2314 1152 2393 aeque

139 2395 304 2474 probabiles
323 2398 475 2460 videntur.

176 2483 246 2542 171.
269 2517 309 2528 -
330 2509 343 2536 ι
365 2486 395 2544 1.
420 2483 466 2546 Ad
486 2483 686 2563 integritatem
707 2482 898 2546 consessionis
919 2481 1152 2562 proerequiritun

139 2591 153 2619 ιι
177 2565 300 2648 diligens
311 2565 432 2630 examen
444 2612 452 2642 ,
463 2587 518 2647 pro
529 2572 686 2646 capacitate
697 2568 883 2646 penitentis,
893 2567 1036 2645 temporis
1044 2585 1150 2642 mora,

139 2678 152 2703 ιι
176 2662 207 2712 et
229 2657 341 2716 ceteris
362 2655 597 2716 circumstantiis.
620 2655 667 2714 Ad
689 2654 722 2714 id
743 2662 844 2712 autem
865 2653 972 2712 suffieit
993 2651 1154 2728 diligentia

136 2753 151 2792 ιι
176 2740 349 2812 mediocris,
362 2740 479 2818 qualem
491 2741 538 2800 vir
555 2739 685 2817 prudens
697 2739 730 2798 in
747 2733 846 2797 ¹arduis
863 2738 989 2816 negotiis
1001 2736 1150 2811 adhibet,

139 2848 152 2875 ιι
177 2823 223 2881 vel
236 2825 353 2900 qualem
371 2825 523 2884 moraliter
540 2823 689 2902 loquendo
702 2823 781 2882 docti
793 2864 802 2892 ,
815 2829 847 2881 et
859 2822 989 2881 timorati
998 2819 1154 2886 'adbibere

138 2933 152 2962 ιι
175 2907 288 2980 solent,
301 2909 415 2968 etiamsi
428 2910 495 2986 quis
507 2917 592 2986 putet
603 2952 612 2979 ‚
622 2907 736 2984 majore
746 2906 899 2984 diligentia
908 2907 1033 2983 plurase
1043 2923 1154 2985 reper-

139 3019 152 3048 ιι
177 2998 292 3052 turum.
304 2994 383 3054 Bon.
399 3001 420 3052 t.
437 2996 467 3052 1.
480 2991 512 3053 d.
525 2994 553 3051 li.
569 3010 620 3072 qu.
635 2993 778 3070 Maym.
791 2989 844 3052 tit.
857 2991 887 3050 b.
899 2997 937 3049 tr.
950 2992 981 3051 o.
995 3009 1021 3050 e.
1032 2991 1065 3050 8.
1079 2994 1155 3054 Post

139 3105 151 3134 ιι
176 3077 354 3140 mediocrem
376 3086 475 3137 autem
496 3076 582 3136 istam
606 3077 790 3155 diligentiam
813 3093 874 3135 uon
889 3083 1009 3136 tenetur
1032 3073 1072 3135 de
1093 3095 1153 3137 an·

65 3172 69 3186 '
137 3190 151 3218 ιι
176 3171 267 3224 teaeta
288 3164 348 3224 vita
371 3160 496 3223 ulterius
517 3162 671 3242 eogitare3
692 3162 767 3221 etsi
791 3161 865 3237 quid
887 3168 1041 3231 decumae,
1065 3164 1154 3237 quod

139 3277 151 3304 ιι
176 3250 311 3310 videatur
333 3267 394 3310 non
417 3265 479 3308 esse
501 3247 534 3307 in
556 3248 737 3308 confessione
760 3245 956 3323 explicatum,
972 3255 1069 3324 potest
1089 3248 1153 3310 sibi

138 3360 150 3384 ι
176 3333 366 3410 persuadere,
386 3351 454 3394 eum
472 3334 584 3392 eaeteris
597 3331 626 3392 id
642 3339 839 3390 memoratum
855 3330 954 3388 tuisse.
965 3328 1062 3390 Diem
1072 3349 1101 3410 p.
1116 3334 1150 3393 5.
1180 3401 1184 3407 .

138 3437 150 3463 ιι
175 3423 196 3472 1.
216 3416 246 3473 t.
262 3434 287 3474 r.
303 3419 372 3476 107.
389 3415 542 3478 exsonuit.
558 3413 767 3475 Animadverte
787 3421 885 3474 tamen
902 3416 1154 3492 propitiator

136 3516 149 3543 ιι
175 3500 352 3573 proscriptas
370 3500 408 3559 ab
421 3497 506 3560 Alea.
524 3501 593 3562 VII.
1000 3519 1003 3525 ’

178 3597 191 3624 ι
211 3578 240 3634 2.
268 3580 397 3642 Examen
424 3581 480 3642 boo
508 3583 525 3642 b
551 3581 727 3645 confessario
755 3589 854 3661 potest
879 3581 1038 3664 suppleri,
1065 3585 1155 3664 quod
