2450 3975
239 248 242 255 ·
267 210 340 287 Cap.
356 208 385 267 1.
402 205 447 266 uc
463 201 675 283 solrbfottiotte.
689 203 769 269 Dod.
782 206 812 266 1.
828 205 893 269 dri.
908 207 939 267 1.
1050 208 1104 269 111

97 312 115 367 i
137 303 328 389 suspenditur
347 306 469 367 facultas
490 322 623 368 concessa
644 305 792 384 Episcopis
810 322 864 383 per
886 302 1017 367 Trideot.
1036 320 1104 367 aeas.

97 422 114 449 a
139 396 189 455 11.
206 412 230 455 c.
250 394 281 454 6.
300 390 488 462 absolvendi,
508 396 539 449 et
557 389 743 467 dispensandi
759 407 827 450 cum
840 390 900 451 suis
913 390 1056 462 subditis,
1074 391 1105 449 in

96 503 112 534 ι.
138 474 1106 553 omnibuscasibusSedeapostolicaercservati33itemnecdispcn-

97 589 113 615 a
138 562 222 626 sandi
245 562 277 621 in
299 559 583 637 irregularitatum,
605 558 639 617 in
661 558 879 636 impedimentis
902 558 1104 627 matrimonii,

96 672 113 700 a
138 654 189 707 aut
205 645 323 727 petendi
339 645 491 715 debitum,
505 652 561 703 etc.
578 661 645 721 quae
656 660 693 702 ex
703 642 771 719 jure
786 642 935 703 communi
952 642 1010 703 illis
1025 660 1105 703 com·

96 756 114 787 a
139 738 257 809 petunt.
277 726 386 791 Zcrolo
406 747 436 788 o.
457 728 563 790 Anaua
579 734 719 804 coactor,
736 726 764 807 j.
787 729 816 788 1.
837 726 982 803 Quintae.
999 725 1032 787 io
1044 728 1105 808 Ap-

96 841 113 871 »
159 812 225 875 end.
240 822 263 875 i.
280 812 354 874 30d.
370 814 418 873 ifi-

134 833 158 953 i
176 902 207 960 1.
224 899 284 959 Etsi
301 897 455 973 probabile
473 896 513 957 sit
533 895 614 975 quod
632 896 717 957 docet
735 896 815 958 Nou.
839 894 944 974 sopitis
964 895 1104 958 lucrifieri

70 989 73 1002 '
95 1011 112 1042 a
137 994 222 1063 posse
232 984 428 1062 indulgentias
442 984 520 1043 intra
532 981 689 1059 jubilaeum
699 1028 707 1054 ,
718 993 872 1044 extensum
881 984 917 1043 ad
932 984 1004 1044 duas
1016 985 1108 1063 septi·

93 1097 112 1125 a
138 1088 260 1130 manas:
276 1070 457 1129 eontrarium
476 1076 574 1129 tamen
595 1067 694 1129 verius
717 1078 778 1139 est,
799 1063 999 1151 quod'Coopr.
1015 1068 1103 1132 Cord.

95 1184 111 1213 a
137 1156 312 1228 declaravit,
332 1160 366 1214 ut
380 1152 470 1214 babet
482 1156 598 1214 Bonae.
614 1154 748 1214 caSuor.
761 1152 868 1214 Sanco.
879 1150 900 1214 l.
912 1157 940 1215 6.
949 1172 979 1236 q.
994 1156 1021 1215 l.
1030 1174 1063 1236 p.
1075 1158 1102 1217 5.

95 1267 112 1296 n
135 1260 168 1301 n.
184 1242 233 1300 51.
248 1240 299 1319 qui
313 1246 413 1299 tamen
433 1237 580 1310 affirmat,
599 1238 632 1297 in
653 1255 731 1298 anno
751 1246 850 1298 sancto
872 1255 955 1316 posse
975 1239 1103 1301 obtineri

94 1350 112 1381 a
136 1325 240 1395 toties,
257 1325 372 1401 quotics
388 1340 477 1401 opera
494 1322 666 1402 praecripta
681 1330 879 1401 praestantura
894 1322 983 1401 idque
997 1342 1034 1384 ex
1051 1324 1103 1385 de·

93 1436 111 1466 a»
135 1410 294 1471 cieratione
311 1405 426 1469 Urbani
444 1408 534 1468 VIII.

140 1518 155 1549 a
178 1496 208 1554 5.
229 1493 398 1553 satisfacere
415 1501 505 1564 tunc,
522 1494 552 1551 1.
566 1491 618 1571 qui
637 1490 758 1553 sabbato
769 1500 838 1553 ante
858 1492 985 1572 primam
998 1492 1102 1555 Domi·

93 1604 112 1635 ι
136 1580 232 1640 nicam
244 1577 418 1651 confitetur,
430 1586 463 1637 ut
474 1575 584 1637 habent
595 1582 769 1658 Iopmorto,
782 1580 860 1640 Bon.
876 1587 905 1639 et
919 1578 1016 1657 praxis
1029 1578 1103 1639 lide·

94 1688 111 1717 a
134 1664 220 1723 lium.
239 1664 313 1722 Item
326 1661 379 1739 qui
393 1660 550 1723 confitetur
567 1669 599 1722 et
619 1664 816 1723 communicat
833 1663 937 1723 ultimi
950 1663 1102 1724 Dominicd

93 1772 111 1802 a
134 1746 289 1808 claudente
294 1746 460 1823 jubilaeum.
470 1748 580 1807 Cretera
588 1755 687 1807 umen
695 1764 783 1825 opera
791 1746 969 1807 deberefieri
980 1755 1102 1816 ante,et

93 1856 110 1887 a
134 1832 255 1911 quidem
269 1832 347 1890 intra
360 1848 451 1890 unam
463 1828 695 1904 hebdomadam,
708 1832 880 1911 docetLttpo
890 1828 921 1891 d.
931 1832 980 1891 17.
989 1848 1021 1890 o.
1031 1832 1099 1892 105.

91 1942 109 1973 a
133 1925 235 1976 contra
254 1918 367 1981 Bonae.
380 1934 412 1995 p.
426 1917 455 1973 1.
470 1930 501 1995 q.
516 1917 545 1975 5.
565 1917 596 1975 1.
611 1916 669 1990 Qui
685 1916 819 1977 ordinem
833 1917 910 1976 intra
923 1931 1011 1994 opera
1025 1932 1105 1994 prae⁴

92 2027 109 2057 a
133 2001 240 2078 scripta
258 2018 319 2060 non
336 1999 473 2060 servavit.
485 2001 515 2060 5.
529 2001 560 2060 Si
581 2001 649 2078 quis
666 2001 744 2062 intra
760 2001 834 2061 illud
850 2009 966 2078 tompus
981 2002 1103 2080 coeperit

92 2111 109 2140 a
133 2085 342 2146 contessionem
354 2128 363 2158 ,
375 2103 465 2162 quam
475 2085 666 2145 materialiter
679 2086 878 2166 imperfectam
894 2092 1029 2164 oporteat
1043 2087 1103 2146 dita

92 2195 108 2224 a
132 2169 203 2230 ierri
224 2167 358 2248 longius,
378 2178 474 2248 potest
493 2177 565 2230 tune
578 2171 688 2232 absolvi
703 2170 719 2231 i
737 2170 911 2241 reservatis,
924 2178 954 2229 et
966 2187 1101 2230 commu·

92 2280 109 2310 a
134 2255 190 2314 tari
206 2262 292 2315 votae
307 2263 407 2332 postea
422 2252 494 2315 verd
511 2261 592 2314 extra
606 2265 722 2334 tempus
733 2254 845 2331 jubilaei
864 2253 972 2312 absolvi
985 2253 1021 2312 ab
1035 2272 1102 2315 ome

92 2361 110 2390 a
132 2338 238 2410 nibus,
253 2338 342 2398 etiam
354 2356 420 2415 quac
433 2337 542 2398 oblitus
553 2347 618 2411 est,
632 2340 802 2402 reservatis,
812 2355 845 2397 ac
856 2338 887 2396 in
898 2337 998 2397 oblitis
1009 2338 1097 2398 etiam

93 2450 109 2477 ..
131 2423 314 2501 dispensari:
329 2421 390 2484 imd
405 2432 499 2502 potest
510 2432 609 2502 postea
629 2425 727 2485 omnia
743 2425 838 2484 lacere
853 2423 999 2484 consessor
1014 2423 1099 2484 liniti

92 2532 108 2562 a
132 2507 330 2582 consessione;
343 2525 409 2584 quaa
426 2506 513 2568 anti:
530 2509 617 2586 quia,
632 2510 726 2586 coeptd
744 2509 847 2580 causi,
861 2515 960 2568 manet
972 2514 1099 2586 potestas

92 2617 108 2645 »
132 2591 275 2668 delegati,
296 2591 389 2651 donce
409 2591 544 2652 finiatur.
562 2594 605 2652 lta
623 2593 682 2668 So,
699 2593 779 2654 Lesa.
799 2591 820 2652 i.
835 2595 865 2653 1.
883 2611 906 2652 o.
926 2593 977 2651 to.
997 2589 1028 2654 d.
1046 2593 1095 2652 16.

92 2701 108 2731 a
132 2679 245 2738 Bonae.
260 2676 365 2755 Iamo.
376 2675 487 2738 Sentit.
500 2673 521 2736 t.
536 2679 566 2737 1.
580 2696 605 2737 c.
621 2676 948 2742 contenebratae.
963 2693 991 2735 r.
1008 2678 1059 2737 11.

136 2786 150 2814 a
164 2761 193 2820 1.
201 2761 263 2834 ,Qui
283 2761 411 2838 neglexit
422 2762 530 2821 lucrari
543 2761 698 2839 jubilaeum
713 2763 745 2822 in
764 2764 859 2840 patria
875 2771 992 2842 ,potest
1005 2762 1094 2836 alibi,

91 2871 107 2899 a
131 2845 204 2904 dum
223 2844 266 2905 ibi
287 2843 393 2915 durat,
422 2844 542 2904 lucrari.
565 2845 675 2907 Soocli.
700 2844 782 2926 lipol.
805 2841 900 2907 Dion.
920 2865 955 2927 p.
977 2849 1005 2908 5.
1029 2854 1051 2908 t.
1064 2849 1094 2906 1.

91 2956 107 2983 a
131 2947 157 2988 r.
173 2930 241 2988 151.
264 2925 328 2988 lmd
344 2929 433 2987 etiam
451 2929 483 2988 in
500 2930 616 3007 patria,
635 2930 660 2989 si
678 2937 812 3008 tompore
833 2930 1041 3008 publicationis
1060 2949 1096 2990 er

92 3040 107 3068 ..
131 3011 297 3156 16νίηοὶῗίΙί
315 3011 479 3089 ignorantia
502 3014 640 3076 notitiam
661 3015 741 3076 illius
761 3033 822 3077 uon
844 3014 959 3078 habuit.
982 3019 1096 3078 Boooc.

91 3123 107 3152 a
130 3099 225 3159 Diuo.
253 3114 302 3156 .c.

135 3207 149 3236 a
164 3183 193 3242 a.
205 3179 328 3254 Quando
341 3179 457 3240 duobus
471 3182 575 3244 diebus
596 3183 775 3246 immediatis
786 3184 1012 3247 occurruntduo
1021 3182 1096 3263 jubi-

91 3293 105 3323 ι.
130 3267 345 3342 1aea,quorum
366 3265 480 3344 singola
501 3269 731 3344 contessionem,
744 3280 774 3332 et
792 3270 1029 3333 communionem
1048 3286 1097 3330 re-

91 3377 105 3405 n
130 3351 272 3429 quirunt,
286 3367 346 3409 non
357 3369 431 3428 opus
447 3361 491 3414 est
511 3353 556 3413 bis
568 3355 700 3416 confiteri
720 3362 750 3415 et
760 3354 975 3416 communicare
987 3396 995 3424 ,
1008 3353 1097 3414 dum-

89 3463 104 3490 ..
130 3433 436 3512 moddpcrseroresin
448 3439 832 3518 gratit3aliatamenopera
846 3437 1098 3516 repetendasuutt,

90 3545 105 3574 a
133 3523 206 3580 Tor.
221 3537 257 3604 p.
266 3520 297 3578 1.
310 3518 340 3580 d.
353 3521 402 3580 51.
424 3521 640 3603 VidoDioo.p.
655 3525 684 3582 1.
702 3531 722 3583 t.
734 3525 764 3583 1.
780 3539 807 3582 r.
823 3523 891 3582 166.

129 3604 196 3665 tto.
216 3635 254 3646 m
268 3606 345 3665 Ante
362 3608 461 3667 omnia
480 3608 570 3670 relert
582 3606 631 3670 bie
651 3609 792 3672 adnotare
803 3608 910 3669 sancita
924 3606 941 3668 b
953 3607 1024 3672 ΝΝ.
1040 3609 1094 3672 66.
