2450 3975
128 130 188 191 sm
350 126 430 190 dib.
446 128 477 189 t.
499 124 897 209 frucetuepoeottoato.

39 294 47 307 .
127 254 195 319 que
213 256 250 299 cs
267 232 359 318 specie
377 234 491 315 penti
508 236 668 316 moretoil.
683 234 769 296 tlnde
783 232 873 311 bajus
888 230 1133 313 sententiolam
1215 247 1217 304 ;

127 324 253 402 seignur
270 322 416 381 rationem
434 318 452 379 i
468 321 579 399 priori,
593 320 714 393 dicens,
727 319 808 399 quod
819 319 952 380 Cbristus
966 318 1042 379 nssril
1055 316 1134 376 aliud

127 408 266 487 precepit
283 406 373 487 quim
389 404 599 467 malesanam
614 412 823 484 peccatorum
834 406 886 484 qui
896 412 997 465 summ
1008 404 1137 481 explicat

126 491 360 552 circumstantias
374 496 521 553 mutantes
537 490 664 566 specis·
678 491 806 568 peccrti,
817 488 880 567 jam
893 489 964 550 vere
977 489 1136 549 cantitetur

126 570 296 659 ct'rxplicat
310 574 488 647 essentiam,
500 572 568 635 cum
581 574 692 651 peccati
704 575 924 651 quidditassive
937 574 1064 634 essentia
1076 582 1136 633 tan

126 658 192 721 tiam
209 668 343 720 sumatur
356 676 392 719 ex
407 658 500 737 ipsius
514 658 630 717 ratione
639 659 784 737 specifica.
796 660 880 718 Ratio
892 661 922 719 5.
933 660 1002 736 quia
1013 660 1039 717 si
1054 667 1146 717 tene·-

126 762 229 807 remur
237 744 420 805 manifestare
427 742 1135 823 circumstantiasnotsbiliteraggravantss‚tene·

126 847 229 889 remur
247 830 336 889 etiam
357 826 491 888 ooniitbri
513 826 684 887 notabiliter
702 828 889 900 minuentes,
904 848 1012 906 nempe
1029 830 1056 888 si
1068 831 1136 907 quis

126 915 258 995 peccavit
276 928 314 973 cx
334 912 401 981 ira,
425 921 531 985 metu,
554 912 709 973 intensiori
733 914 888 990 passione,
908 933 945 973 ex
965 913 1137 974 inductione

126 998 275 1067 aliorum,
295 1004 326 1057 et
344 994 509 1072 similibus3
530 1015 621 1075 mam
641 996 850 1078 obligationem
864 1000 953 1059 marn
973 997 1136 1059 adversarii

125 1088 244 1159 negant.
267 1080 352 1143 ilatio
377 1080 481 1141 ultima
505 1090 536 1141 ct
555 1080 674 1160 potior,
695 1100 786 1162 quam
806 1083 930 1143 tradunt
948 1084 1136 1143 doctissimus

128 1164 338 1237 Cobaasutius,
352 1166 454 1245 Lupo,
468 1162 562 1227 Sulm.
581 1162 781 1248 etuonmgt„
800 1177 862 1246 est,
875 1169 945 1247 quia
958 1186 1048 1229 nemo
1059 1176 1136 1228 tene

125 1258 176 1311 tur
193 1268 309 1311 servaro
326 1251 420 1328 legam
440 1248 584 1321 dubiam,
603 1259 639 1309 ut
655 1250 719 1311 lusi
737 1251 895 1329 probatum
914 1260 959 1311 ert
976 1253 1009 1311 in
1025 1250 1137 1312 morali

125 1342 297 1413 apeteliote,
311 1331 361 1395 lib.
374 1338 404 1392 l.
418 1332 453 1393 de
466 1335 658 1408 eonsa'entio,
674 1353 743 1394 cum
756 1334 906 1395 commi
918 1338 982 1394 DD.
993 1354 1029 1395 cx
1038 1338 1071 1395 S.
1081 1335 1135 1396 Isi·

124 1418 196 1479 doro
212 1422 243 1479 in
256 1440 281 1479 c.
295 1416 495 1489 Eritaecum,
510 1415 581 1477 dist.
596 1419 628 1477 l.
641 1425 670 1477 et
682 1437 709 1480 c.
722 1418 796 1479 Cim
806 1417 841 1480 in
851 1419 932 1501 jure.
948 1420 998 1479 51.
1009 1419 1045 1480 de
1056 1416 1132 1500 offic.

123 1510 151 1563 et
165 1510 226 1583 pot.
237 1501 308 1584 jud.
320 1497 377 1561 del.
389 1502 555 1561 atessam
566 1498 719 1562 desinon.
731 1511 805 1563 ctec
816 1508 855 1563 1).
867 1502 923 1564 vl.
934 1502 1072 1579 Quodlib.
1083 1508 1134 1565 lt.

124 1584 159 1649 de
175 1586 258 1647 serit.
273 1604 303 1665 q.
317 1586 366 1645 17.
377 1592 436 1643 ort.
448 1585 478 1643 5.
492 1585 542 1644 ubi
556 1585 618 1645 ait:
632 1584 745 1647 Nullas
759 1584 872 1667 ligatur
885 1607 939 1668 per
954 1595 1135 1668 preceptum

124 1669 263 1753 aliquod,
276 1669 337 1733 nai
353 1667 500 1731 mediante
511 1666 634 1730 scientie
645 1667 727 1731 illius
735 1671 885 1753 precepti.
898 1673 1023 1732 Scientia
1032 1684 1135 1733 autem

124 1768 159 1817 ut
178 1766 293 1819 certum
311 1766 355 1817 est
374 1755 453 1835 apud
475 1774 594 1827 omncs,
609 1766 639 1816 et
650 1755 737 1818 docet
753 1758 833 1817 idem
844 1760 885 1816 D.
900 1756 955 1818 rt.
967 1777 1001 1838 p.
1013 1762 1043 1819 1.
1056 1777 1088 1839 q.
1104 1764 1133 1819 1.

122 1851 183 1902 ort.
200 1846 250 1913 1.,
273 1853 318 1901 cst
339 1851 418 1901 certa
438 1843 542 1903 noblis
566 1841 690 1920 alicuius
707 1843 771 1918 rei;
785 1842 865 1902 unde
884 1840 954 1903 edm
973 1844 1021 1903 lcx
1040 1844 1135 1904 conli-

122 1925 203 1983 tcndi
225 1926 458 1985 circumstantias
484 1936 674 2004 aggravantes
696 1926 736 1986 sit
756 1925 842 1985 valde
861 1926 971 1997 dubia,
991 1924 1030 1986 ad
1052 1928 1136 1989 illam

122 2027 183 2068 non
210 2018 367 2080 tenemur,
393 2017 423 2066 et
450 2007 517 2068 ideb
542 2009 635 2086 (bene
657 2013 700 2071 ait
723 2010 817 2093 Lupo]
838 2013 1047 2072 Tridentinum
1071 2032 1136 2072 non

121 2093 278 2171 explicavit
294 2091 369 2152 banc
388 2091 598 2168 obligationem
618 2095 682 2155 illas
700 2097 879 2170 confitendi,
899 2097 968 2174 quia
987 2115 1049 2157 non
1062 2099 1136 2158 satis

121 2179 280 2240 concilium
302 2178 333 2239 id
351 2177 488 2257 colligere
506 2179 604 2256 potuit
622 2179 775 2242 eberisti
786 2183 943 2257 verbis,et
958 2185 1135 2244 sacramenti

121 2264 319 2324 institutione.

159 2350 221 2409 Nec
241 2348 338 2410 obstat
354 2349 383 2409 l.
398 2348 515 2408 llitualc
528 2349 616 2410 Rom.
636 2350 735 2412 dicens
748 2369 812 2411 esse
830 2351 1040 2430 obligationem
1060 2369 1136 2412 con·

121 2431 224 2492 litandi
239 2433 381 2514 speciem,
396 2439 426 2492 et
437 2432 676 2498 circunstantiae
690 2433 839 2516 explicatu
853 2433 1042 2496 ηοωεεανίαε.
1056 2437 1136 2496 Nam

120 2535 198 2596 resp.
223 2516 304 2596 qubd
325 2513 485 2604 aliquando
507 2517 596 2578 etiam
620 2521 704 2580 adest
726 2519 866 2598 obligatio
887 2519 1045 2580 confitendi
1074 2521 1136 2580 cir·

120 2603 309 2664 cumstantias
332 2601 503 2667 notabiliter
524 2613 738 2682 aggravantes,
761 2611 796 2664 ut
819 2603 900 2664 recti
923 2603 1026 2663 dicunt
1047 2605 1136 2684 Lupo

118 2683 150 2746 d.
170 2688 218 2745 16.
235 2705 267 2746 n.
285 2688 354 2746 111.
371 2694 401 2748 et
415 2683 510 2748 Solm.
528 2685 564 2748 de
583 2687 687 2769 pacarit.
705 2707 732 2749 e.
745 2690 776 2748 8.
789 2707 821 2769 p.
835 2691 866 2749 2.
882 2708 915 2748 n.
930 2690 979 2748 27.
990 2732 1000 2761 ,
1011 2689 1136 2766 quando

118 2769 228 2830 scilicet
243 2767 389 2831 inducunt
409 2789 582 2845 censuram,
601 2775 650 2834 vel
671 2775 922 2845 reservationem,
943 2781 995 2832 aut
1011 2773 1136 2850 quando

118 2854 163 2934 [ut
180 2853 319 2932 diximus)
330 2855 521 2922 confessarius
531 2859 711 2938 interrogat,
722 2869 866 2939 putatque
884 2876 998 2918 neccsse
1009 2859 1040 2918 id
1055 2858 1136 2916 scire

117 2938 154 2998 ad
173 2938 350 3000 medicinam
363 2984 372 3013 ,
383 2941 432 3000 vel
447 2944 664 3005 restitutionem
682 2944 902 3022 imponendam.
914 2942 1016 3016 Quoad
1029 2951 1138 3002 aucto-

117 3023 236 3084 ritatem
256 3023 430 3086 Catccblsml
452 3030 637 3105 oppositam,
656 3028 775 3088 videtur
790 3027 870 3107 quod
889 3027 940 3086 iila
956 3027 1046 3087 nimis
1060 3044 1137 3104 pro·

117 3110 169 3170 bat
181 3153 190 3183 ,
202 3127 271 3170 nam
285 3109 404 3174 videtur
422 3110 576 3190 imponere
594 3114 805 3193 obligationem
823 3113 987 3192 explicandi
1000 3112 1136 3172 circum-

117 3195 239 3255 stantias
260 3213 320 3256 non
336 3193 432 3254 solum
452 3207 659 3274 aggravantes,
673 3197 725 3258 sed
742 3199 830 3259 etiam
849 3198 1036 3268 minuentes,
1048 3195 1136 3274 quod

118 3297 178 3336 non
196 3283 241 3335 est
263 3279 425 3350 credibile,
450 3279 516 3357 quis
541 3281 621 3340 enim
643 3300 776 3359 unquam
793 3282 890 3353 dixit,
909 3279 990 3360 qubd
1013 3280 1039 3340 si
1062 3281 1137 3359 quis

73 3366 82 3378 ·
117 3358 308 3420 confiteretur
318 3361 532 3435 homicidium,
546 3371 576 3423 et
585 3371 695 3425 taceret
707 3366 780 3425 illud
794 3366 1024 3426 commisissem
1039 3363 1138 3424 vehe-

117 3440 210 3494 menti
228 3443 380 3514 passione,
391 3447 438 3506 vel
452 3447 484 3507 in
498 3447 562 3506 rixa
572 3492 581 3519 ‚
593 3450 762 3528 sacrilegam
774 3451 881 3510 iaceret
893 3449 1137 3510 consessionem?

118 3513 202 3573 Unde
213 3519 353 3582 debemus
363 3525 447 3588 lateri
459 3526 508 3588 hic
519 3532 825 3599 mentemcatcchismi
833 3551 895 3596 non
907 3531 976 3593 satis
985 3531 1134 3612 intelligi.

1215 1677 1217 1776 t

1214 1821 1217 2016 Ι
