2450 3975
129 188 189 249 111
364 184 429 250 tun
444 188 473 249 a.
492 188 589 248 Tenet.
603 187 633 247 1.
647 184 692 247 De
703 184 886 264 [renitentia.

127 306 195 349 menn
209 289 281 350 Con.
299 291 390 369 Vaaq.
401 290 495 349 Henr.
511 287 604 366 idque
619 285 753 365 expressi
768 286 870 347 docuit
883 288 926 347 D.
948 287 1051 352 Thoen.
1062 291 1097 354 in
1105 294 1134 357 1.

126 371 294 452 d.ll.qn.l.
304 372 1136 456 a.5.an.l.ubidixitoporteree,utpeecatmnpnblacune

124 456 272 541 publicam
290 458 398 521 lrabeat
412 458 598 520 medicinam.
617 457 764 517 Probatur
778 459 807 515 1.
831 474 868 517 aa
886 476 953 539 cap.
971 462 1136 542 Manifesta

127 547 156 605 t.
169 542 205 605 de
217 544 322 623 ponit.
336 554 366 606 et
379 562 452 605 nun.
469 544 521 603 ubi
541 541 651 602 dicitnr
664 562 673 599 ε
689 540 859 621 Manifesta
868 552 986 623 peccota
999 558 1138 611 noasuat

126 625 238 690 meultd
257 630 437 710 correptione
445 626 618 709 puryaema.
639 627 676 687 Et
696 645 733 686 ex
753 627 890 687 Trident.
902 647 972 689 sess.
990 632 1040 691 11.
1060 652 1083 692 c.
1106 637 1135 695 8.

127 715 177 774 ubi
198 735 207 772 e
231 713 311 775 Huic
327 715 371 793 (id
392 723 438 773 est
455 712 575 792 publico
594 711 754 790 peccatori)
779 711 956 793 eondipnam
971 733 1030 795 pro
1052 717 1137 779 modo

126 798 220 879 culpa
236 796 440 881 poeaitentiam
461 794 577 877 publici
600 796 723 877 injungi
741 804 865 877 oportet.
885 800 922 858 Et
942 798 974 859 in
996 798 1052 861 hoc
1072 803 1136 865 loco

129 885 208 963 loqui
224 884 382 947 concilium
400 882 490 942 etiam
509 882 548 942 de
569 882 635 942 loro
653 882 857 942 sacramentali
880 882 1052 962 intelligunt
1070 889 1136 965 plu-

125 970 195 1029 rimi
207 988 244 1029 ex
258 971 319 1030 ΛΑ.
333 967 429 1027 citatis
441 976 544 1027 contra
553 968 636 1027 Nau.
646 966 698 1043 qui
709 966 850 1043 intelligit
867 984 926 1026 non
939 969 1003 1027 sine
1015 972 1136 1047 quidem

124 1056 223 1131 aliquo
238 1053 450 1124 fundamento,
468 1059 504 1112 ut
524 1068 594 1111 mox
616 1048 691 1111 intre
710 1048 845 1121 dicetur,
865 1048 904 1111 de
919 1051 983 1113 loro
1002 1064 1135 1118 externo.

125 1141 184 1199 Nec
202 1136 299 1198 obstat
315 1137 434 1209 dicere,
449 1135 530 1215 quud
542 1136 608 1196 talis
621 1134 737 1213 publiea
755 1134 928 1213 paenitentia
947 1147 1023 1197 esset
1040 1143 1137 1201 meni·

124 1222 239 1283 tentio
257 1222 467 1296 consessionis3
486 1218 657 1292 nam,ci1m
679 1219 728 1278 illa
745 1219 915 1297 imponatur
931 1220 970 1281 de
992 1242 1136 1287 consensu

125 1308 296 1387 paenitentis
310 1305 474 1366 necessarie
492 1304 659 1383 praestando
673 1304 697 1361 si
719 1303 784 1361 vult
797 1303 926 1375 absolvi,
940 1308 1137 1372 manifestatio

125 1394 175 1453 illa
198 1388 297 1469 potiirs
320 1391 458 1468 provenit
475 1408 513 1448 ex
530 1390 624 1448 libera
643 1388 757 1447 actione
778 1390 968 1464 paenitentis,
988 1392 1077 1471 quam
1101 1414 1137 1455 ex

125 1487 271 1559 precepto
287 1475 464 1535 mutassent.
480 1476 555 1550 llinp
567 1476 672 1533 dicunt
682 1471 751 1533 Pal.
764 1469 857 1533 Solen.
871 1478 974 1551 itone,
990 1486 1019 1536 et
1031 1481 1135 1543 Escolt.

123 1562 195 1625 tocie
207 1560 258 1621 cit.
273 1578 309 1619 ea
322 1561 364 1617 D.
382 1556 438 1619 Tlr.
447 1566 484 1617 ut
498 1560 610 1639 supro,
625 1558 833 1618 confessarium
847 1577 908 1619 non
920 1558 1017 1621 solium
1030 1582 1135 1641 posse,

124 1650 176 1709 sed
196 1647 284 1706 etiam
305 1641 463 1721 aliquando
483 1644 576 1703 teneri
593 1641 670 1702 hanc
684 1642 832 1720 publicam
852 1646 1059 1722 poenitentiam
1079 1650 1137 1710 im-

126 1750 247 1814 ponere.
261 1732 324 1790 lloe
343 1738 441 1789 temen
462 1727 541 1790 recti
556 1729 716 1789 advertunt
730 1730 821 1789 Rene.
835 1746 862 1787 e.
875 1732 903 1787 t.
919 1732 988 1811 aeq.
1004 1734 1037 1791 in
1043 1741 1140 1813 praeci

125 1824 156 1881 6.
171 1826 200 1879 et
218 1812 311 1876 Satn.
320 1812 359 1891 de
374 1812 480 1893 penit.
494 1832 521 1875 e.
535 1817 585 1874 l0.
595 1832 631 1894 p.
648 1816 677 1873 5.
695 1832 726 1873 n.
739 1814 788 1872 59.
804 1810 838 1872 in
855 1811 910 1891 lin.
925 1832 993 1874 enm
1018 1820 1090 1878 Con.
1109 1831 1139 1881 et

125 1906 236 1963 ,tt-ersa
244 1945 254 1977 ,
268 1900 365 1959 locum
389 1897 498 1959 habere
517 1900 550 1959 in
568 1901 631 1960 solo
644 1917 712 1959 casu
725 1916 785 1977 quo
799 1899 884 1957 aliter
897 1917 958 1958 non
968 1912 1071 1977 posset
1078 1906 1135 1965 nisi
1211 1962 1212 1969 ,

126 2007 178 2065 per
200 1987 280 2045 illam
304 1983 454 2061 publicam
471 1985 678 2063 poeniteutiam
698 1981 866 2044 scandalum
890 1987 1044 2063 reparari,
1064 1992 1135 2068 puta

124 2067 241 2148 publicio
260 2068 442 2128 restituendo
457 2067 602 2130 honorem
620 2070 707 2130 alicui
726 2067 843 2147 publice
859 2067 1052 2131 dehonorato.
1073 2077 1137 2136 Cae-

125 2153 222 2216 terirm
235 2197 243 2224 ,
257 2153 282 2210 si
301 2150 420 2230 publiea
438 2152 610 2231 paenitentia
629 2171 689 2212 non
712 2155 751 2212 sit
773 2154 815 2213 ite
831 2155 1009 2232 necessaria,
1027 2159 1137 2222 merito

125 2240 228 2302 dicunt
240 2237 351 2316 praeiati
365 2238 425 2296 11.
446 2254 507 2296 non
529 2237 639 2298 delire
655 2238 864 2299 confessarium
881 2239 963 2299 illem
979 2241 1137 2320 imponere

125 2324 301 2393 reluctanti,
325 2319 394 2380 cum
414 2321 500 2381 aliter
525 2324 618 2401 possit
643 2323 720 2382 selus
738 2322 867 2383 obtineri
893 2325 1085 2400 poenitentis,
1105 2339 1137 2390 et

125 2408 294 2471 scandalum
312 2406 466 2484 reparari,
488 2423 596 2484 nempe
617 2425 671 2486 per
693 2408 843 2486 publicam
867 2407 1137 2485 frequentationem

125 2500 391 2565 sacramentorum,
405 2491 586 2550 visitationes
606 2492 820 2563 Ecclesierum,
833 2491 1015 2552 auditionem
1032 2496 1137 2554 mism-

125 2597 212 2651 rum,
235 2578 401 2654 ingressum
423 2575 455 2634 in
480 2575 609 2652 aliquam
635 2577 918 2655 congregationem,
943 2575 995 2636 uhi
1018 2579 1137 2656 pietatis

125 2681 213 2741 opera
230 2669 421 2732 exercentur,
433 2667 464 2719 et
476 2660 595 2720 similia.
609 2661 685 2720 Hine
702 2663 866 2743 Fupnanus
882 2659 917 2720 in
935 2658 966 2721 d.
980 2680 1048 2738 cop.
1063 2665 1137 2724 Ma-

125 2745 250 2825 nifesta,
265 2745 375 2815 relect,
392 2743 473 2821 quod
487 2746 518 2804 S.
530 2745 562 2806 C.
576 2746 673 2805 noluit
686 2744 852 2817 declarare,
867 2764 904 2804 an
918 2745 950 2805 in
963 2746 1028 2805 loro
1040 2765 1136 2808 sacra-

126 2830 245 2892 mentali
262 2845 316 2906 pro
331 2828 589 2908 publicispeoeatis
601 2829 726 2908 publicae
736 2830 917 2908 poenitentiae
927 2839 1024 2890 essent
1037 2831 1136 2911 impo-

125 2914 239 2976 nendee.

163 2999 230 3059 515.
244 3027 283 3041 ·-
298 3022 312 3050 a
330 2999 359 3058 5.
372 2999 431 3057 Etsi
444 3001 551 3076 possit,
565 3008 595 3058 et
612 2998 771 3077 aliquando
783 2999 822 3059 ob
836 3000 1025 3078 fragilitatem
1037 3001 1136 3079 poeni·

125 3081 250 3144 »tentis
275 3081 363 3142 etiam
388 3084 543 3160 expediat,
564 3081 681 3161 injungi
708 3101 782 3162 opus
809 3081 879 3143 aliis
904 3083 1058 3157 debitum,
1079 3103 1135 3147 eeu

124 3191 137 3221 a
162 3176 440 3248 praeceptum‚v.g.
456 3168 552 3228 missae
562 3168 745 3228 auditionem
756 3167 805 3227 die
816 3169 973 3239 festo,etc.
984 3169 1136 3232 utdocent

125 3278 138 3306 e
161 3255 291 3324 Snoren,
309 3252 399 3331 vasq.
408 3254 514 3331 lapan.
528 3249 579 3313 tio.
591 3255 620 3314 5.
636 3260 722 3312 tract.
734 3255 763 3312 6.
777 3271 844 3332 cap.
859 3253 907 3312 15.
917 3259 944 3311 et
958 3249 1024 3312 alii.
1035 3251 1136 3332 (Unde

125 3360 137 3387 n
161 3337 186 3394 si
203 3336 391 3412 scrupulosus
408 3334 515 3414 saepius
537 3337 637 3396 redeat
651 3336 689 3395 aa
708 3336 930 3406 confessarium,
946 3336 1026 3398 intra
1044 3337 1136 3402 breve

24 3481 39 3504 ι
124 3440 138 3468 n
161 3427 278 3494 tempus
293 3436 409 3495 semper
428 3437 504 3479 nova
527 3421 716 3496 confitendo,
739 3439 799 3482 non
818 3438 937 3498 semper
952 3439 1070 3482 neeesse
1090 3433 1138 3484 est

124 3519 139 3546 n
162 3500 316 3574 imponere
340 3504 545 3575 poenitentiam
569 3502 787 3576 novam,e1im
810 3523 886 3584 opus
910 3502 979 3565 ante
999 3505 1138 3568 debitum

125 3598 138 3624 n
162 3581 259 3649 possit
272 3581 401 3659 injungi.
415 3589 527 3646 Bonae.
541 3587 668 3668 Heariq.
688 3586 775 3649 Card.
791 3587 827 3649 de
838 3589 938 3670 lupo,
952 3588 1046 3650 Dion,
1062 3609 1095 3672 p.
1105 3592 1137 3652 6.

1203 3033 1212 3172 l
