2450 3975
203 221 276 303 Cap.
289 220 319 281 5.
330 218 375 281 De
385 218 519 280 Euctus.
531 226 567 280 ut
576 226 620 281 est
628 217 816 298 sacrificium.
829 220 909 283 Ded.
925 222 954 280 1.
1024 220 1084 282 157

82 324 141 385 tioio
157 321 290 385 Christos
307 328 352 383 est
374 322 463 382 simut
485 321 623 393 victima,
642 329 672 382 et
691 320 859 399 prmoipolis
877 320 1024 392 offerens,
1048 330 1085 382 ut

83 417 153 486 putet
165 426 202 467 ex
212 424 295 467 eone.
311 407 407 467 Later.
422 407 474 465 tv.
489 424 556 466 sou.
571 406 600 465 5.
613 404 665 467 nbi
681 405 794 465 dictum
810 405 883 466 tuit:
900 404 934 467 iu
953 403 1082 468 Ecclesia

84 492 207 554 04414144
221 492 308 551 lesnes
316 498 346 550 et
355 487 488 551 sacerdos
499 496 529 549 et
535 488 714 569 sucrificium
726 496 779 550 est.
788 491 824 548 Et
832 488 937 551 cisriirs
948 508 984 550 ex
998 490 1079 553 Trid.

81 576 139 638 diet.
155 592 225 639 4444.
239 573 1079 654 4444444444444441444144444441414,

80 661 147 724 idem
160 680 242 723 uuus
256 661 381 742 offerens
395 659 578 722 sacerdotum
593 660 775 733 ministerio,
791 656 847 739 qui
866 658 994 739 seipsum
1012 668 1082 721 tune

79 748 107 808 iu
120 767 199 809 44444
215 743 338 824 obtulit,
353 743 418 807 soit
436 743 578 824 offerendi
591 746 707 806 ratione
720 743 847 807 diuersa.
862 744 920 805 titt
937 744 1007 805 vero
1026 742 1080 805 bie

77 833 181 894 ratione
200 840 351 908 utuntnr3
367 832 454 908 qnia,
469 828 540 890 iicet
551 831 639 890 missa
651 830 683 889 in
698 847 750 900 se,
767 838 798 890 et
816 828 914 908 quoad
935 828 1083 889 sufficien-

78 920 140 980 tiun
152 921 191 980 sit
209 916 323 980 infiniti
341 916 469 990 valoris,
483 923 585 975 tamen
597 914 695 993 quoad
714 914 869 989 4114411141,
882 911 931 974 hie
943 922 987 975 est
1002 914 1081 975 limi·

76 1012 145 1063 tatus
160 1022 199 1065 ex
219 1003 374 1063 voluntate
390 998 517 1071 christi,
530 1000 582 1076 qui
599 998 656 1061 hoe
676 999 852 1061 sacrificium
868 999 1025 1079 144ιί1411,
1045 1007 1080 1059 41

77 1106 107 1147 ex
123 1105 212 1167 opere
228 1094 350 1162 operato
371 1082 617 1162 (independenter
640 1083 677 1145 ab
700 1083 856 1144 hominurn
876 1082 1079 1163 dispositione)

75 1172 299 1233 determinatum
316 1168 492 1246 produceret
503 1168 640 1229 effectum
652 1212 660 1239 ,
672 1169 733 1229 sive
742 1169 941 1230 satisfactionis
953 1168 1079 1247 gradum

75 1257 202 1335 quemvis
225 1270 263 1314 ex
286 1271 375 1330 opere
394 1253 543 1332 operantis
566 1254 658 1330 possit
683 1269 812 1314 erescere
830 1252 914 1330 juxta
935 1253 1078 1332 maiorem

74 1342 257 1403 devotionem
270 1338 437 1408 offerentis,
451 1339 500 1397 vei
511 1337 576 1414 ejus
588 1356 642 1416 pro
658 1356 718 1415 quo
730 1336 865 1399 offertur.
884 1340 920 1399 Et
934 1337 1080 1398 11414444-

73 1428 166 1487 1441144
179 1423 407 1485 videturiovere
419 1425 461 1483 D.
477 1421 531 1485 Tit.
544 1422 579 1482 in
590 1424 621 1482 4.
638 1418 709 1483 dist.
720 1424 769 1483 45.
780 1442 811 1507 q.
827 1426 858 1484 2.
872 1430 931 1483 ort.
952 1424 981 1482 4.
1002 1440 1032 1504 q.
1047 1424 1076 1483 5.

73 1510 148 1572 ndi.
167 1508 300 1570 ubisit:
319 1506 462 1582 Quumus
477 1505 574 1568 uirtus
596 1505 729 1585 Christi,
750 1528 817 1591 quse
839 1508 1006 1572 continetur
1025 1508 1080 1571 sub

72 1600 251 1656 souomento
266 1589 483 1665 Eucharistiae,
497 1591 538 1654 sit
548 1591 686 1675 infinito,
700 1604 797 1657 tumen
808 1595 1020 1657 determinatus
1037 1601 1081 1654 est

73 1675 259 1757 4144144,αά
280 1694 367 1758 perun
383 1674 460 1737 iilud
475 1680 870 1742 sacromentumordiuotur.
887 1680 962 1738 11144
979 1680 1009 1737 S.
1019 1678 1079 1738 Do-

72 1762 263 1825 4144411414.
276 1763 306 1822 t.
322 1763 390 1845 qo.
406 1780 436 1822 o.
448 1762 506 1828 Sed
518 1768 637 1841 coutrd,
651 1765 739 1824 insert
750 1762 851 1823 minsis
865 1778 927 1821 esse
941 1761 1080 1839 probabi·

72 1848 126 1909 lem
139 1847 317 1927 opinionem
329 1858 527 1921 asserentem,
541 1849 621 1929 qudd
637 1848 774 1927 suffragio
790 1864 845 1925 pro
861 1846 1006 1907 44414414
1018 1863 1078 1908 444

73 1936 159 2015 magis
169 1933 198 1995 ei
212 1934 348 2014 prosint,
365 1934 455 2015 quim
468 1935 598 2014 aliisqui
611 1935 703 2014 magis
715 1934 796 2015 digni
810 1939 897 2007 sunt,
908 1930 1075 1995 siedieens:
1129 1941 1137 1963 ‘

73 2020 103 2081 Si
113 2023 180 2104 erpd
192 2019 374 2102 suffragium
381 2039 438 2102 pro
453 2018 557 2083 multus
570 2014 1075 2103 141441441444441444141494114,

73 2121 103 2165 oe
115 2107 144 2167 si
152 2121 212 2186 pro
223 2123 286 2166 uuo
299 2105 415 2166 tantum
426 2103 526 2184 fieret,
539 2105 656 2167 uidetur
672 2104 751 2187 quod
763 2101 893 2166 Ecclesia
907 2123 969 2166 uon
980 2104 1080 2167 deberit

73 2189 253 2263 uutituisse,
272 2197 308 2250 ut
324 2187 494 2270 proaliquo
507 2187 861 2272 siupuloritermissovei
876 2188 972 2250 oratio
983 2188 1075 2270 fieret,

73 2276 118 2338 sut
137 2275 220 2358 qudd
243 2292 357 2356 semper
369 2273 514 2336 diceretur
532 2295 588 2358 pro
611 2274 748 2341 omuibus
759 2270 895 2354 fidelibus
913 2270 1076 2352 destinetis,

73 2361 145 2441 quod
161 2366 249 2442 potet
271 2377 330 2420 esse
348 2356 474 2439 [uisum.
492 2361 577 2422 Ratio
595 2359 687 2436 hujus
707 2361 859 2421 sententiae
883 2359 1026 2438 probatur
1041 2377 1077 2420 ex

73 2445 270 2523 prohibitione
281 2444 435 2517 Ecclesia,
449 2463 516 2522 quor
532 2452 613 2506 vetat
623 2462 663 2504 ne
673 2445 808 2522 pluribus
820 2445 938 2505 missam
950 2447 1077 2522 petenti·

72 2528 122 2589 bus
134 2549 197 2591 uno
209 2528 351 2589 sacrificio
372 2529 504 2590 satisfiat.
519 2531 594 2590 11144
610 2529 761 2602 sacerdos,
778 2531 830 2608 qui
846 2529 863 2589 t
880 2528 1017 2607 pluribus
1029 2530 1080 2588 sti·

73 2615 174 2692 pendis
186 2614 314 2691 aceepit,
331 2614 435 2692 nequit
447 2613 566 2673 unicam
579 2615 697 2674 missam
712 2631 767 2691 pro
784 2613 843 2673 illis
857 2611 983 2682 offerre,
998 2612 1077 2688 quod

72 2701 173 2778 utique
189 2700 286 2759 iacere
304 2705 420 2776 posset,
435 2699 459 2756 si
474 2699 563 2756 misso
580 2697 665 2776 aequd
683 2696 821 2755 omnibns
840 2713 873 2754 ne
890 2693 942 2753 uni
956 2693 1077 2772 prodes-

71 2792 126 2860 set3
140 2782 195 2844 sed
208 2775 265 2843 hoe
280 2783 338 2842 iuit
351 2782 549 2861 proscriptum
570 2777 704 2840 41441444.
723 2779 794 2841 VII.
806 2780 837 2840 in
847 2797 933 2858 prop.
951 2781 999 2843 10.
1011 2799 1078 2860 quoe

72 2867 184 2929 dicebat
197 2888 207 2926 2
219 2869 291 2929 Nou
305 2873 350 2927 est
368 2864 631 2945 coutrojustitiom
641 2882 697 2946 pro
708 2861 845 2946 pluribus
859 2861 1078 2946 4444441444·-

71 2949 209 3029 pontum
219 2950 366 3030 decipere,
381 2956 410 3010 et
421 2947 601 3029 soerifieiuue
616 2967 712 3010 uuum
724 2947 837 3029 offerre.

104 3033 239 3097 84444114
247 3033 393 3096 sententio
406 3033 502 3094 vendi
514 3035 726 3096 recentioribus
737 3036 827 3098 hodie
838 3037 1076 3099 communissime

71 3130 182 3198 recepta
200 3119 306 3193 docet,
323 3120 455 3180 valorem
471 3119 566 3180 missa
578 3137 642 3181 osse
655 3121 800 3183 intensive
818 3130 849 3183 et
867 3119 1016 3182 extensive
1030 3121 1076 3180 in-

71 3202 188 3265 finitum
197 3204 297 3283 quood
309 3203 531 3277 sufficientiam,
542 3207 656 3267 ratione
664 3206 788 3268 infinitae
795 3206 946 3284 dignitatis
956 3201 1075 3277 Christi,

72 3290 118 3364 qni
137 3290 169 3350 in
182 3289 239 3352 hoc
254 3288 398 3350 sacrificio
413 3299 457 3350 est
468 3291 607 3364 victima,
628 3300 659 3352 et
675 3291 847 3370 principalis
858 3289 1078 3350 offerensDici·

70 3379 118 3432 tur
134 3374 281 3438 iuteusivi
296 3370 469 3454 inlinitum,
482 3375 628 3454 quatenos
639 3382 735 3456 potest
747 3391 865 3435 causare
877 3374 1006 3433 iruetnm
1020 3391 1078 3435 mn·

69 3453 162 3530 joram
184 3469 215 3521 et
232 3461 404 3533 minorem,
423 3459 507 3539 juxto
528 3478 699 3521 mensuram
716 3459 917 3537 dispositionis
935 3455 1073 3520 hominis.

70 3541 226 3606 Kotensioi
233 3554 332 3605 nutem
344 3589 353 3618 ,
365 3546 509 3624 quotends
519 3555 616 3624 potest
628 3545 759 3606 infinitos
771 3544 890 3606 effectus
902 3545 1072 3624 producere,

71 3635 97 3686 et
105 3627 211 3706 juvare
224 3631 266 3692 ita
277 3632 331 3693 uni
349 3633 404 3694 soli
415 3650 449 3694 44
464 3633 590 3696 infinitis
602 3631 783 3694 hominibus.
797 3634 833 3693 Et
845 3634 920 3778 eppo
934 3640 994 3710 est,
1006 3635 1074 3710 quio
