2450 3975
117 206 175 271 558
355 204 420 271 tib.
433 208 461 268 b.
480 208 576 269 Troct.
588 208 619 269 d.
633 205 678 270 De
686 206 871 290 poenitenter.

115 308 203 369 strari
218 322 301 386 posse
319 306 365 381 ei,
380 308 432 387 qui
451 315 497 369 est
518 308 550 369 iu
564 308 716 370 occasione
732 310 867 387 proxima
878 352 887 379 ‚
899 307 989 391 quim
1007 309 1129 375 ddatio·

115 408 184 453 nem
205 392 396 453 absolutionis
409 413 419 469 ς
432 391 504 454 dum
518 393 698 471 experientia
713 392 803 453 dooet
813 436 822 466 ,
831 392 916 472 qued
930 396 1128 472 poenitentes,

114 484 269 555 postquam
288 470 415 537 absoluti
435 476 608 549 discedunt,
626 485 660 536 ut
676 474 841 554 plurimum
859 477 1013 555 negligunt
1029 481 1129 541 medio

114 561 283 639 prescripta
303 559 463 635 adhibere,
486 569 518 622 et
539 561 582 621 sie
604 558 743 620 iaeiliimd
765 560 912 623 recidunt.
931 560 1038 626 ded
1057 582 1131 625 eon·

113 660 216 716 verso,
239 646 360 723 quando
377 642 454 725 'ipsis
483 644 629 706 absolutio
648 644 838 723 denegatur,
854 644 1028 724 vigilantiis
1051 658 1129 709 sutu-

112 738 188 805 gunt
201 729 330 791 remedia
346 730 469 807 exequi,
483 738 513 791 et
525 729 739 803 tentationibus
751 729 908 800 obsistere,
924 730 1045 807 impulsi
1058 734 1131 810 qui·

113 813 182 875 dem
200 812 218 875 d
245 816 352 875 timore
365 858 373 884 ,
388 830 426 875 ue
454 813 524 875 edm
545 813 583 874 ad
607 814 821 875 confessarium·
837 814 995 888 redibunt,
1013 816 1127 879 iterdm

112 898 177 959 sinc
203 898 386 960 absolutione
407 898 607 960 dimittantur.
632 900 670 958 lit
690 915 757 958 casu
779 916 840 976 quo
870 900 1017 977 penitens
1042 900 1137 979 priris·

113 982 281 1043 admonitus
291 982 328 1041 ob
339 983 396 1042 olio
410 983 587 1045 confessario
603 982 699 1043 media
712 983 883 1062 prescripta
895 984 1079 1060 neglexerit,
1097 996 1129 1047 et

112 1064 215 1127 eodem
232 1065 319 1127 modo
339 1066 429 1128 suerit
453 1068 602 1145 relapsus,
616 1068 683 1127 dieo
702 1066 825 1128 omuind
835 1068 1048 1127 dimittendum
1063 1086 1129 1131 esse

112 1150 175 1209 sine
195 1148 401 1224 absolutione,
416 1153 474 1212 nisi
499 1150 575 1214 sorte
592 1152 825 1212 extraordinaria
846 1153 929 1232 signa
948 1152 1066 1212 doloris
1075 1170 1127 1214 ex·

112 1232 222 1293 bibent.
252 1236 288 1294 Et
313 1237 403 1297 etiam
424 1235 495 1297 huie
517 1235 611 1297 adbuc
638 1236 869 1296 extraordinaria
897 1239 1127 1313 compunctione

112 1316 221 1379 donato
229 1364 239 1394 ,
254 1318 405 1381 ordinarie
419 1320 586 1399 loquendo,
600 1320 814 1381 absolutionem
824 1319 1000 1398 denegarem
1013 1364 1022 1391 ,
1037 1336 1128 1400 meu*

112 1405 151 1467 do
171 1406 325 1468 commodi
356 1406 500 1468 absolutio
518 1415 616 1483 posset
643 1404 766 1465 differri.
789 1404 922 1465 Fortasse
948 1406 1043 1464 alicui
1062 1405 1127 1470 beo

111 1488 230 1549 trudens
263 1490 353 1549 nimis
373 1490 486 1568 rigidus
511 1489 654 1564 videbor3
677 1489 729 1547 sed
749 1504 823 1565 ego,
851 1487 920 1547 eirm
947 1490 1127 1565 poenitentes

111 1570 295 1633 offendissem
315 1572 484 1648 hujusmodi
501 1574 687 1633 occasionum
702 1571 974 1651 laqueisirretitos,
989 1572 1034 1632 sie
1053 1592 1127 1635 sem·

111 1658 247 1737 peregi,
265 1666 428 1735 etsemper
447 1672 553 1735 agum3
581 1654 637 1717 bae
662 1656 745 1715 enim
765 1657 813 1715 via
835 1655 973 1716 iuoedeus
996 1668 1126 1720 nonme

112 1740 261 1821 rigidum,
285 1741 336 1801 scd
354 1740 479 1801 mnxinnb
495 1758 563 1819 erga
581 1756 632 1800 eos
645 1739 808 1819 benignum
830 1756 892 1799 csse
909 1745 1006 1818 puto,
1030 1760 1127 1819 quam

111 1824 271 1904 doquidem
286 1827 386 1887 nullus
406 1828 462 1887 isto
482 1827 579 1903 aptior
601 1822 707 1885 modus
725 1822 799 1884 mibi
814 1822 956 1892 videtur,
975 1832 1011 1885 ut
1029 1826 1092 1904 ipsi
1107 1827 1125 1889 i

109 1911 235 1987 peccatis
247 1920 276 1971 et
289 1912 326 1973 cb
344 1920 454 1972 aeterna
473 1910 661 1971 damnatione
678 1910 862 1989 eripiantur,
885 1907 952 1969 ete
973 1914 1125 1973 contrario

109 1995 280 2067 crederem,
296 1995 394 2074 qudd,
412 1998 437 2056 si
456 1995 583 2074 benigne
596 1995 711 2074 agendo
732 1996 1054 2073 absolutionem-quem
1071 2017 1126 2077 ρει

109 2087 178 2141 tunt
201 2081 245 2141 eis
263 2087 450 2162 praestarem,
474 2099 558 2144 eausa
575 2097 687 2154 essem,
709 2090 744 2140 ut
763 2080 871 2142 misere
889 2082 927 2141 iu
939 2082 1020 2141 viliis
1043 2098 1126 2144 mars

109 2174 266 2228 noscerent.
289 2165 419 2244 Quisque
439 2181 492 2225 suu
518 2181 604 2224 sensu
628 2164 771 2225 abundet.
792 2165 915 2226 Utinam·
928 2165 999 2226 vend
1020 2177 1126 2232 omues

108 2249 275 2312 confessarii
302 2265 370 2310 cum
398 2246 567 2326 hujusmodi
600 2249 818 2328 poenitentibus
834 2250 874 2308 ita
902 2264 942 2309 se'
957 2257 1124 2328 gererent,

110 2334 206 2396 multd
228 2331 351 2412 quidem
373 2335 490 2395 minora
528 2333 653 2394 crimina
677 2333 956 2408 committerentur-¹,
980 2335 1126 2416 ‹ec-longe

109 2417 212 2496 plures·
231 2419 338 2479 anime
364 2417 568 2496 proditionem·
589 2419 733 2478 vitarent!
759 2419 820 2494 ligo
841 2418 958 2492 seutie,
982 2426 1013 2478 et
1032 2418 1123 2494 dieo,

109 2499 191 2579 qudd
204 2503 255 2563 ubi
271 2503 368 2580 agitur
392 2503 430 2564 de
448 2502 599 2564 liberando
616 2506 778 2582 poenitente
794 2501 810 2560 a
831 2511 951 2581 peceato
975 2503 1122 2579 turmali,

109 2583 182 2647 licet
193 2587 383 2668 permittatur
398 2585 519 2648 manbre
539 2588 571 2647 in
589 2587 754 2658 materiali,
768 2594 839 2646 tune
856 2586 1053 2647 confessarius
1075 2605 1125 2647 car*

109 2687 176 2731 rare
193 2673 300 2745 debet,
321 2673 353 2732 iu
373 2670 518 2750 quantiam
543 2671 702 2734 christiana
723 2671 880 2751 prudentia
900 2670 1055 2742 coneedit,
1075 2674 1131 2735 uti·

109 2755 299 2832 opinionibus
323 2755 570 2834 benignioribus,
593 2757 676 2835 gravi
699 2764 799 2816 tamen
819 2753 1124 2816 mndamcncorubo-

107 2840 189 2926 ratis.
205 2839 261 2901 llbi
283 2841 354 2901 verb
369 2842 523 2920 opiniones
540 2841 673 2921 benignae
690 2837 885 2920 propinquiirs
908 2833 1068 2902 admovent
1084 2842 1123 2903 ad

108 2923 272 3001 perieulum
288 2928 396 3000 peccati
414 2926 545 2986 formalis
555 2970 564 3002 ,
591 2935 629 2986 ut¹
648 2926 753 2985 accidit
768 2925 799 2984 in
817 2923 872 2982 bae
894 2923 1017 2982 materia
1038 2943 1123 2986 oeea⁴

107 3007 198 3069 sionis
211 3008 353 3087 proximae
364 3053 373 3080 ‚
386 3007 452 3070 dieo
463 3053 471 3079 ‚
484 3008 753 3087 qudd‘coniessurio
770 3007 819 3068 uti·
828 3007 948 3085 expedit
966 3011 1123 3073 sententiis

106 3091 323 3172 rigidioribus3
348 3093 390 3154 sie
421 3093 503 3158 euim
536 3093 630 3171 magis
663 3093 800 3154 consulet·
825 3107 949 3179 suurpm
971 3094 1123 3169 poeniten·

108 3177 183 3237 tium
202 3176 301 3237 saluti.
388 3188 391 3194 ·
808 3201 812 3206 ⁴

146 3259 215 3321 ibi.
228 3293 267 3306 -
278 3259 437 3322 Dubitatur
457 3262 486 3323 5.
502 3261 548 3322 An
564 3261 616 3340 qui
639 3260 670 3320 in
684 3261 834 3321 occasione
852 3259 1013 3319 necessaria
1027 3259 1121 3322 etium

105 3339 245 3402 adhibitis
275 3345 414 3404 remediis
444 3361 563 3424 semper
593 3342 698 3406 eodem
720 3345 809 3405 modo
831 3342 995 3418 relabitur,
1026 3346 1127 3422 possit

105 3423 215 3482 absolvi
230 3467 238 3496 ,
252 3428 309 3486 nisi
322 3426 406 3505 priris
428 3429 608 3489 occasionem
629 3428 768 3488 deserat?

141 3503 249 3562 Prima
258 3507 420 3583 sententio,
432 3528 521 3588 quam
532 3519 635 3572 tenent
647 3509 771 3591 Lupode
780 3510 884 3591 poena't.
896 3507 928 3570 d.
941 3512 990 3571 lb.
999 3527 1033 3572 tt.
1046 3514 1118 3578 lbi.

104 3575 172 3635 PM·
190 3588 211 3638 l·
233 3586 356 3647 badi.
373 3609 405 3668 p.
424 3593 549 3654 tl.o.5.
567 3591 835 3675 liciamd'epoen.
853 3611 938 3653 oum.
957 3596 1025 3655 tte.
1044 3599 1120 3659 item

1222 2018 1224 2079 l

1221 2110 1223 2175 l

1217 2500 1219 2561 l

1216 2592 1218 2657 l
