2450 3975
365 164 438 243 Cap.
456 164 487 222 1.
499 164 545 222 Dc
560 158 745 222 contritione.
757 160 837 224 nat.
850 165 882 225 2.
1068 167 1126 226 tot

114 266 205 327 tuerit
222 282 278 343 pre
294 264 349 322 hoc
367 262 531 337 sententio,
549 270 657 339 nempe
670 258 749 338 qudd
763 263 860 322 omnis
875 265 1015 325 contritio
1028 265 1126 327 delent

114 360 265 431 pecentum
286 358 369 408 extre
390 352 624 414 sacramentnm,
638 353 719 423 petet
733 364 769 405 ex
786 346 838 405 illo
858 350 936 423 quod
953 350 1024 408 dicit
1043 352 1074 408 in
1092 352 1123 409 5.

114 454 146 515 p.
163 452 196 515 q.
209 436 258 495 86.
273 440 332 492 art.
348 433 377 491 5.
396 429 446 490 ubi
462 451 470 489 2
488 427 527 490 cd
542 429 688 491 rationem
703 448 780 491 oeroe
793 430 971 509 poeniten-tire
990 434 1122 514 requiri,

113 528 149 579 nt
163 518 315 579 detestetur
330 522 480 595 peceatum
490 559 500 590 ,
521 515 594 593 quio
614 520 658 574 eet
677 521 781 573 contra
793 517 892 574 Deum
913 534 1002 595 snper
1021 519 1124 579 cornio

114 598 260 663 dilectam.
281 602 355 681 item
374 618 409 659 ex
430 608 512 658 textu
535 596 623 677 suprd
644 598 733 658 allato
748 599 778 658 in
793 598 899 673 Quadi.
915 603 943 659 1.
958 608 1017 661 art.
1031 605 1058 661 1.
1071 604 1123 663 ubi

114 690 159 769 [ut
177 687 344 763 retulimus)
363 685 423 755 eit,
445 681 525 764 qno'd
548 702 601 764 per
618 680 712 744 salom
734 682 939 745 contritionem
961 684 1124 747 dimittitur

109 781 311 852 peceatum...
326 768 377 830 sed
395 769 423 829 si
439 777 599 847 antequam
618 765 808 842 absolvatur,
827 766 934 830 tabeat
952 768 1123 846 111111111-

111 864 244 915 utentum
262 852 295 915 in
316 861 400 929 octo,
418 852 487 933 jam
506 852 602 913 uirtus
624 847 754 911 clavium
775 860 917 932 operator
937 856 970 913 in
990 851 1070 937 ipso,
1095 863 1125 917 et

110 939 297 1022 consequitur
307 936 506 998 remissionem
517 934 620 1017 cnipae.
630 934 830 1015 Ergdsemper
838 956 871 997 ac
880 937 1015 1016 loquitur
1024 941 1122 1001 S.1)o-

111 1032 175 1083 otor
193 1021 325 1085 absolute
346 1020 384 1079 dc
406 1021 509 1081 dolore
535 1020 586 1097 qui
612 1020 649 1079 ed
674 1022 819 1079 rationem
844 1022 1031 1082 contritionis
1052 1041 1122 1101 per-

109 1110 215 1187 tingit,
230 1125 345 1187 semper
368 1106 508 1185 intelligit
530 1122 584 1184 per
607 1106 709 1183 ipsum
730 1104 846 1167 remitti
867 1115 1020 1185 peccatum
1037 1117 1120 1169 extre

109 1204 336 1257 sacramentum.

137 1274 217 1341 'ton
238 1310 277 1325 ·-
295 1278 380 1351 Qndd
403 1284 503 1339 autem
529 1276 642 1355 quoeris
665 1274 806 1337 contritio
828 1283 893 1337 orto
914 1294 950 1337 ex
975 1276 1119 1339 charitate

110 1364 361 1444 praedominoutc,
385 1359 454 1424 licit
472 1365 614 1436 remisse,
632 1361 728 1421 delent
746 1371 914 1438 peccatum,
933 1361 1075 1439 probetur
1089 1365 1117 1422 1.

74 1480 76 1485 2
109 1467 145 1508 cx
160 1448 241 1508 Trid.
256 1466 291 1507 ex
305 1444 368 1507 eod.
383 1465 408 1509 a.
422 1446 452 1507 1.
466 1444 501 1506 in
513 1464 583 1507 sese.
602 1448 651 1506 tt.
667 1445 720 1505 ubi
741 1445 868 1505 dieitur:
885 1445 954 1506 Etsi
970 1448 1120 1508 contritio·

107 1552 176 1593 neon
189 1532 265 1594 itone
278 1529 440 1611 aliquanda
451 1530 594 1591 charitate
602 1529 764 1611 perfectam
774 1547 833 1592 esee
843 1531 1009 1611 continqat,
1024 1530 1119 1593 tomi-

107 1635 231 1701 uemqae
244 1619 305 1677 Deo
324 1614 527 1688 reconcilia-re,
542 1617 722 1696 priusquam
742 1614 795 1676 itoe
813 1622 1031 1676 sacramentam
1050 1623 1119 1676 actu

107 1701 284 1781 recipiatur,
299 1710 352 1761 etc.
365 1700 440 1779 Ergo
450 1702 535 1761 dolor
546 1700 687 1761 charitate
703 1700 848 1777 perfectus
859 1699 921 1775 jem
935 1709 1119 1777 peccatorem

107 1786 249 1862 justificet
275 1796 343 1845 onte
369 1786 584 1863 susceptionem
612 1786 799 1844 sacramenti.
824 1784 990 1846 Adversarii
1019 1795 1118 1847 tumen

108 1871 212 1947 tegunt
226 1870 451 1939 contritionem,
465 1887 526 1929 non
536 1867 679 1929 charitate
689 1868 866 1949 perfectam,
881 1870 932 1929 scd
944 1869 1118 1935 charitatem

102 1952 338 2035 perfectiones
357 1972 417 2032 quo
435 1954 567 2014 inferunt
587 1953 745 2015 concilium
764 1954 847 2032 ioqui
865 1953 903 2015 de
922 1953 1062 2018 charitate
1074 1957 1117 2018 in·

104 2049 199 2100 tense.
215 2040 273 2101 Sed
292 2057 346 2117 ego
368 2049 399 2099 et
417 2041 682 2099 retractionem
699 2057 735 2098 oc
752 2039 835 2119 Lupo
855 2040 980 2118 legimus
997 2041 1029 2100 in
1048 2043 1115 2119 plu-

104 2123 190 2184 ribus
208 2123 426 2202 exemplaribus
446 2121 590 2184 enaritate
608 2122 778 2204 perfectam.
798 2126 834 2183 Et
856 2126 899 2184 sic
919 2123 1115 2187 verosimitiirs

104 2206 265 2285 legendum
288 2209 426 2282 videtur,
444 2225 514 2268 nem
538 2208 569 2269 td
588 2205 750 2288 perfectam
770 2208 891 2285 respicit
914 2208 1034 2286 proprii
1053 2228 1114 2272 non

102 2289 297 2371 charitatem,
323 2292 374 2354 sed
398 2293 631 2363 contritionem,
656 2289 725 2352 cium
749 2289 798 2350 hic
821 2290 934 2351 diridet
956 2293 1132 2356 concilium*

102 2376 311 2438 contritionem
333 2376 365 2436 in
391 2377 572 2454 perfectam,
597 2382 628 2436 et
650 2374 873 2453 imperfectam,
895 2384 984 2452 prout
1004 2376 1112 2454 legenti
1194 2446 1199 2455 ,

102 2459 271 2540 patet.1md
284 2467 345 2521 esto
359 2458 390 2522 td
402 2457 561 2541 perfectam
574 2458 732 2538 respiceret
743 2457 929 2535 charitatem,
943 2477 1003 2520 non
1015 2462 1114 2539 sequi-

101 2553 171 2616 tur,
189 2542 270 2621 qudd
287 2561 369 2606 conc.
382 2543 419 2603 nd
433 2541 674 2620 justificationem
689 2552 772 2603 extre
785 2552 1001 2603 sacromentum
1012 2546 1112 2622 requi·

100 2632 150 2690 rat
170 2626 341 2688 charitatem
360 2628 526 2703 intensam3
539 2644 608 2687 nem
627 2625 752 2687 chorites
771 2626 1004 2706 praedeminens,
1016 2627 1112 2692 adhuc

100 2712 221 2773 remisse
232 2755 241 2786 ,
254 2713 344 2773 ctiam
360 2721 404 2772 est
418 2712 544 2790 perfecte
565 2710 708 2783 charites,
724 2712 859 2788 quamvis
871 2712 984 2771 intense
996 2714 1035 2774 sit
1050 2732 1111 2792 per·

99 2797 225 2871 secti0r3
246 2797 385 2873 perfectio
408 2797 489 2856 enim
513 2804 565 2856 eut
587 2795 772 2874 imperiectio
792 2795 961 2869 charitatis,
982 2807 1017 2858 nt
1035 2798 1111 2861 bend

98 2880 143 2942 eit
156 2883 267 2941 Toum.
281 2877 373 2940 Petet.
391 2876 475 2940 theol.
495 2878 531 2941 de
542 2879 646 2961 poenit.
662 2898 714 2960 qn.
727 2883 757 2941 1.
777 2886 834 2942 art.
850 2883 879 2941 1.
898 2879 1032 2944 1111115.
1049 2900 1109 2944 non

97 2964 229 3026 sumitur
247 2983 286 3024 ex·
298 2963 466 3024 intensione
484 2973 536 3023 nut
551 2964 744 3039 remissione,
762 2965 813 3026 sed
826 2984 862 3025 cx
874 2967 1004 3037 motivo,
1018 2965 1034 3026 ὲ
1048 2985 1109 3044 quo

97 3047 197 3110 oritur
208 3071 219 3120 :¹
229 3045 299 3109 hinc
312 3047 440 3126 perfecte
454 3047 580 3108 charites
597 3060 719 3127 estque
738 3053 836 3112 oritur
851 3069 887 3110 cx
905 3051 1017 3110 motivo
1029 3051 1109 3109 boni·

97 3131 168 3193 tatis
189 3133 269 3204 Dei,
294 3133 464 3211 imperfecto
482 3142 580 3192 eutem
601 3151 638 3192 cx
661 3137 771 3195 motivo
795 3135 866 3194 boni
887 3131 985 3193 tneo
1006 3150 1108 3192 consc-

97 3215 221 3295 qnendi.
242 3217 318 3296 Ergo
337 3217 362 3278 si
383 3216 541 3277 concilium
565 3217 686 3280 dixisset
706 3219 900 3288 aderitum,
925 3233 987 3277 nan
1011 3215 1109 3277 odori·

40 3351 42 3354 .
98 3307 160 3361 tate
171 3345 182 3377 ,
196 3301 300 3380 utiquc
312 3310 442 3364 vocasset
462 3299 633 3363 charitatem
652 3300 812 3382 perfectam
831 3300 868 3360 cd
889 3299 1107 3364 distinctionem

96 3385 305 3462 imperfectae,
332 3387 395 3446 sive
414 3383 575 3460 inchoator,
603 3405 669 3462 qum
698 3387 754 3463 (ut
779 3382 854 3443 intre
871 3381 1021 3461 dicemus)
1046 3401 1108 3449 non

97 3468 242 3548 pertingit
277 3470 315 3530 ed
348 3467 522 3530 charitatem
559 3469 834 3546 praedominantcm.
863 3467 940 3526 Hinc
976 3469 1108 3530 Facultos

96 3551 190 3623 Puris.
207 3569 277 3616 nnn.
294 3551 370 3618 roeo
390 3561 424 3616 ut
440 3553 530 3618 rcicrt
552 3555 662 3617 Toarn.
689 3546 743 3610 too.
759 3548 811 3611 cit.
830 3556 890 3610 art.
905 3551 936 3610 2.
956 3549 1107 3613 damnavit
