2450 3975
120 180 180 241 516
353 176 418 240 tte.
437 178 466 238 e.
486 180 583 239 Treet.
600 180 629 239 t.
645 178 690 239 De
701 177 884 257 poemtcntio.

115 278 277 359 proveniet.
298 278 365 339 lleee
383 286 482 339 autent
503 278 601 339 omnia
618 276 662 355 (ut
682 274 787 337 dieunt
806 277 869 337 tt.
888 275 991 355 citati,
1006 285 1037 339 et
1057 280 1118 359 eliel

116 362 277 425 necessarii
296 364 328 423 in
342 364 493 425 attritione
508 361 724 433 includuntur,
740 360 812 419 dum
836 360 889 438 qui
912 379 980 423 cum
1001 363 1071 435 illa,
1090 374 1119 424 et

115 464 166 525 spe
181 448 276 507 veniae
298 446 335 507 nd
346 456 558 507 sacromentum
571 444 680 505 aceedit
690 488 698 515 ‚
709 444 772 521 jam
786 447 884 507 Deum
905 453 940 506 ut
951 464 1039 508 suum
1049 448 1120 509 libe·

116 540 265 601 retorem,
279 531 517 609 justificatorem,
533 540 563 590 et
580 528 807 609 glorificatorem
818 529 939 606 diligere
954 531 1072 610 incipit.

154 618 215 679 Neo
226 618 304 677 volet
313 616 408 677 dicere
421 659 429 685 ,
443 612 522 692 qudd
536 614 585 674 ille
602 615 654 692 qui
663 614 759 692 diligit
769 616 866 675 Deum
878 625 999 693 propter
1009 618 1121 679 bonnm

115 718 223 771 suum,
242 703 368 781 seipsum
385 698 504 777 diligat,
519 716 580 758 nen
593 701 710 773 Denm3
725 717 795 759 nam
806 699 953 777 sapienter
964 702 1121 779 respondet

116 788 148 849 S.
160 784 333 849 trenorcio
345 779 490 858 sttruos,
503 783 548 843 De
568 800 669 844 eruore
681 781 739 843 Dei
751 800 778 842 e.
800 784 849 845 17.
869 781 986 857 dicens,
999 784 1080 863 quid
1098 787 1120 846 si

119 870 186 948 quis
204 870 339 948 diligeret
363 868 457 927 Deum
484 876 606 945 propter
631 884 718 928 suum
739 864 868 941 bonum,
887 878 918 928 et
943 868 984 928 ita
1004 870 1122 931 affectus

117 963 210 1027 esset,
225 964 259 1014 ut
277 953 301 1012 si
317 952 406 1012 lDeo
425 949 500 1011 nihil
514 961 667 1031 speraret,
681 968 750 1012 eum
765 951 849 1012 nullo
869 952 958 1013 modo
968 953 1122 1031 diligeret3

116 1038 165 1099 liic
183 1038 284 1117 utique
298 1044 446 1117 peccaret,
462 1037 529 1115 quia
539 1035 664 1115 positive
674 1035 841 1096 excluderet
852 1035 1024 1097 charitatem
1034 1059 1043 1116 3
1054 1047 1123 1099 tune

117 1124 198 1184 enim
211 1140 271 1183 non
285 1140 316 1183 se
330 1128 514 1183 converteret
525 1120 562 1180 ad
584 1123 702 1193 Deum,
719 1120 771 1181 sed
788 1119 890 1181 reveri
903 1121 941 1181 ab
959 1122 1054 1182 illese
1067 1142 1124 1183 ma·
1220 1135 1221 1146 ²

116 1210 161 1287 gis
173 1218 336 1279 averteret,
351 1205 418 1269 etim
434 1205 572 1285 perverse
592 1206 742 1266 ordinaret
754 1207 849 1266 Deum
865 1206 902 1266 ed
918 1207 1047 1286 seipsum
1058 1218 1124 1268 ten·

117 1311 206 1371 quam
225 1292 262 1354 ad
283 1292 373 1353 linem
389 1292 539 1352 ultimum.
550 1290 608 1363 Qui
625 1289 697 1350 verd
715 1299 793 1350 amat
804 1291 899 1351 Deum
914 1300 1056 1369 tanquam
1067 1292 1125 1352 sibi

118 1396 268 1437 summum
287 1378 420 1443 beurim.
441 1384 472 1435 et
488 1373 617 1435 excludit
631 1390 751 1434 omnem
764 1375 947 1437 voluntatem
965 1376 1124 1454 peccandi,

119 1470 192 1521 tunc
204 1462 283 1522 elicit
302 1471 398 1521 actum
411 1460 522 1519 bonurn
536 1458 789 1535 supernaturalem
800 1479 809 1535 3
822 1468 853 1519 et
870 1457 938 1519 lieet
949 1478 1010 1520 non
1022 1460 1126 1521 lrabeat

118 1543 290 1606 charitatem
318 1545 501 1625 perlectam,
523 1542 605 1602 illam
628 1550 727 1602 tamen
748 1561 809 1603 non
834 1544 980 1613 excludit,
1002 1563 1127 1624 eamque

115 1630 179 1711 jam
205 1628 308 1708 incipit
334 1628 441 1689 habere
453 1672 462 1701 ,
476 1634 507 1687 et
522 1626 720 1704 aliquomodo
733 1625 771 1686 ad
782 1628 1084 1690 Deumseeonvertit.

157 1712 319 1785 Caeterum,
333 1714 398 1792 quis
418 1720 505 1791 negat
524 1728 587 1771 esse
603 1709 726 1772 omnino
738 1711 914 1790 expediens,
929 1722 963 1771 ut
980 1714 1127 1791 poeniten-

119 1812 163 1862 tes
176 1820 231 1880 pro
246 1800 362 1861 viribus
378 1808 522 1861 conentur
535 1798 641 1859 elicere
656 1806 751 1858 actum
765 1797 950 1858 contritionis
966 1800 1127 1875 perlectae,

120 1896 211 1962 utque
227 1886 392 1945 confessarii
414 1885 550 1945 studemt
572 1902 689 1963 semper
704 1901 752 1944 eos
769 1882 806 1943 ad
823 1884 904 1944 iilam
924 1886 1073 1954 excitare,
1093 1896 1129 1947 nt

120 1968 213 2030 tutius
229 1967 273 2027 illi
291 1968 421 2028 divinam
440 1970 563 2045 gratiam
583 1973 822 2047 consequantur?
833 1966 944 2029 Verum
957 1978 1129 2031 nostrascn

120 2053 210 2113 tentia
226 2051 331 2128 utique
349 2052 499 2128 proderit,
513 2061 546 2111 ut
557 2051 580 2110 si
593 2053 659 2131 quis
677 2052 793 2113 aeeedat
804 2071 872 2113 eum
884 2054 942 2113 sola
954 2055 1126 2127 attritione,

119 2155 179 2198 aren
199 2153 231 2197 se
245 2133 374 2196 retrahat
388 2135 424 2194 ab
438 2135 493 2195 hoe
508 2144 711 2207 sacramente,
727 2146 759 2197 et
773 2138 964 2199 contessorius
980 2156 1052 2201 eum
1064 2159 1129 2202 non

119 2219 232 2298 rejiciat
246 2230 385 2298 tanquam
399 2219 613 2297 indispositum.

157 2307 227 2366 115.
239 2337 277 2350 -
288 2306 512 2378 Quaeritnrllll.
528 2305 575 2364 An
585 2304 617 2365 in
636 2304 817 2365 consessione
826 2305 950 2366 sufficiat
961 2305 1075 2370 attritio
1089 2326 1132 2371 ex

118 2400 200 2450 metu
212 2406 366 2468 poenarum
380 2389 585 2467 temporalium
597 2398 686 2466 prout
698 2387 902 2467 infligunturia
916 2393 998 2452 Deo?

157 2473 265 2534 Primo
276 2473 420 2534 sententie
431 2472 578 2544 affirmat,
593 2483 624 2531 et
640 2471 715 2532 hane
732 2479 836 2533 teuent
855 2475 938 2553 dupe
958 2474 1070 2538 (11315.
1090 2497 1130 2539 n.

120 2559 187 2619 157.
198 2559 288 2619 Satur.
304 2557 372 2620 diat.
388 2557 418 2616 7.
433 2563 500 2616 sect.
514 2558 544 2616 2.
563 2575 596 2616 o.
612 2558 660 2616 15.
673 2559 825 2636 spureae.
838 2555 1021 2617 meteret.
1034 2565 1128 2622 mist.

124 2641 199 2704 Viva
215 2644 247 2702 io
268 2661 355 2723 prop.
379 2644 426 2704 ld.
450 2637 616 2702 Alexandri
633 2643 722 2702 Viti.
737 2659 768 2699 tt.
783 2643 831 2701 11.
844 2638 929 2702 attat
945 2661 977 2701 n.
999 2646 1048 2703 59.
1073 2648 1132 2723 qui

119 2743 186 2786 eum
204 2726 275 2786 Gob.
294 2735 377 2786 vocnt
394 2727 547 2786 moraliter
561 2734 693 2798 certam,
713 2727 785 2785 item
810 2727 904 2787 Gran.
928 2729 999 2806 llep.
1021 2728 1130 2809 Moja,

118 2813 245 2880 Auerna,
259 2817 312 2869 cte.
330 2829 396 2870 cum
420 2811 509 2871 Croie
525 2830 557 2870 o.
578 2811 647 2873 884.
670 2811 722 2887 qui
743 2818 828 2870 vocat
848 2809 1132 2890 probabilissimam.

118 2893 219 2967 Ratio,
233 2894 301 2972 quia
313 2893 447 2953 Trident.
458 2911 526 2955 cese.
542 2896 590 2954 11.
610 2912 636 2954 e.
654 2896 685 2954 1.
698 2894 777 2954 inter
789 2895 898 2954 motiva
917 2897 1077 2957 attritionis
1088 2897 1133 2959 nd

117 2987 331 3038 sacramentum
345 2977 515 3036 sufficientis
540 2979 627 3050 dicit,
649 2994 686 3037 ee
704 2985 785 3039 metra
800 2977 958 3058 paltenate,
973 2987 1002 3039 et
1020 2998 1132 3059 poeou-

118 3061 263 3124 rumsubi
272 3079 323 3140 per
330 3059 361 3121 td
369 3059 786 3139 peiercoceintelligiturpoena
797 3072 978 3140 aeternn,per
987 3062 1018 3123 td
1026 3075 1134 3128 autem

116 3164 276 3226 poenorum
290 3146 408 3206 videtur
421 3145 546 3224 intelligi
566 3164 651 3224 poena
671 3147 856 3224 temporalis,
874 3144 943 3207 edm
963 3147 1004 3207 ibi
1027 3151 1135 3210 conei-

118 3231 192 3290 lium
208 3228 332 3290 adducat
349 3228 515 3305 exemplum
532 3229 714 3307 poenitentiae
733 3229 953 3303 Ninivitarum,
970 3249 1037 3308 quae
1060 3250 1135 3294 con·

117 3320 200 3386 cepta
220 3313 277 3372 luit
295 3313 333 3374 ob
349 3321 461 3373 metum
482 3313 587 3373 excidii
603 3331 664 3374 suae
688 3313 830 3391 civitatis;
852 3314 1024 3374 sicutenim
1046 3317 1134 3378 Deus

117 3395 314 3531 cgnpmtnapiur
338 3413 438 3474 peenas
458 3405 600 3471 aeternas,
624 3397 665 3456 sie
692 3397 867 3474 temporales
893 3396 930 3456 nd
957 3408 1134 3474 peccatores

116 3483 131 3519 ll
154 3485 166 3522 S
180 3488 264 3530 erton
287 3493 330 3533 08·

154 3545 286 3608 Secunda
301 3557 445 3618 sententia
460 3560 531 3622 verd
551 3571 657 3640 negat,
671 3572 701 3622 et
716 3561 791 3620 harro
814 3570 915 3622 tenent
935 3567 1067 3624 Cottone
1090 3586 1130 3649 p.
