2450 3975
286 144 359 220 cop.
371 140 400 199 1.
414 139 459 221 lte
469 133 681 217 satisfactione.
695 136 770 199 Dal.
787 138 931 201 1661666.
1049 140 1109 201 ata

99 246 185 307 enim
196 242 272 322 saepe
289 242 452 320 contingit,
463 240 531 301 edm
543 242 620 301 inter
635 240 764 317 injuncta
779 258 867 319 opera
881 242 972 302 trium
991 241 1107 301 dicrtrar

97 332 251 409 jejunium
272 328 491 405 praescribitur,
508 326 570 385 dice
585 326 760 385 nominatim
775 325 929 385 indicando
940 370 947 395 ,
958 344 1003 385 ex.
1018 345 1046 404 g.
1063 327 1108 385 di-

99 420 182 477 citnr
194 460 201 487 ,
216 414 368 492 quidesse
380 412 505 472 debeant
517 422 574 470 tres
584 411 646 473 dies
658 421 784 489 quatuor
799 419 965 489 temporum
975 414 1109 490 Septem-

98 501 177 562 bris.
190 498 218 580 3.
230 500 278 559 65.
290 500 364 558 ltem
375 496 566 557 commutatio
580 495 644 555 lieni
658 496 745 557 debet
763 496 793 555 in
809 514 895 573 opera
911 496 1042 571 ejusdem
1056 508 1109 555 na·

99 596 190 646 turae.
204 583 232 665 3.
248 585 296 644 66.
311 583 379 642 ΧΙΙ.
395 583 505 641 Pcaeter
520 581 852 641 excommunicationem
869 580 1011 658 majorem
1031 583 1109 641 Pon·

99 671 178 730 11661
197 676 376 729 reservatam
398 666 432 724 in
449 666 567 726 constit.
588 662 755 746 Apostolocr'
771 664 921 737 muneris,
940 666 1108 743 impositam

99 753 247 816 sacerdoti
260 750 395 829 complici
407 750 436 808 in
455 757 572 827 peccato
586 750 684 827 turpi,
699 751 768 827 quia
782 759 863 810 extra
876 750 979 809 mortis
999 750 1108 809 anticu-

96 838 164 899 lum
181 836 390 897 eoniessionem
409 834 518 912 excipit
538 833 726 911 poenitentis,
750 851 877 911 eumque
892 834 1037 908 absolvit,
1060 833 1107 891 vel

121 924 153 980 ui
178 923 210 981 in
235 920 360 979 articulo
385 919 489 977 mortis
514 918 667 989 absolvit,
693 916 761 979 edm
787 918 861 977 alius
881 917 1013 978 sacerdos
1045 936 1105 977 non

96 941 199 1073 llcsit3
223 997 317 1064 sive,
347 994 416 1055 cdm
441 995 515 1053 alins
541 995 580 1054 sit
610 995 774 1067 sacerdos,
801 994 857 1055 sibi
887 992 997 1072 fingit,
1027 993 1109 1071 quod

96 1083 122 1142 si
147 1080 295 1159 paenitens
316 1079 361 1139 illi
386 1077 589 1147 confiteatur,
619 1079 739 1139 infamia
769 1086 819 1138 aut
844 1078 1014 1141 scandalum
1039 1078 1109 1137 indo

97 1166 251 1227 oriturum
273 1164 338 1239 sit,
371 1160 487 1222 elidad
512 1162 722 1222 confessionem
743 1160 806 1240 ejus
829 1164 966 1240 excipit,
994 1168 1045 1221 aut
1062 1162 1111 1221 ab·

97 1249 206 1320 solvit,
223 1249 388 1326 imponitur
404 1245 452 1307 bic
477 1245 644 1307 inhabilitas
667 1249 697 1307 in
723 1266 909 1325 quocumque
921 1246 1041 1323 jubilaeo
1056 1248 1109 1305 ab·

96 1333 235 1395 solvendi
250 1333 425 1409 complicem
448 1332 650 1409 paenitentem.
676 1330 702 1411 3.
725 1334 774 1393 66.
796 1342 826 1393 et
854 1335 901 1394 60.
929 1330 1009 1391 xltt.
1034 1330 1107 1391 Cdm

97 1436 223 1493 omnes,
240 1436 307 1494 quae
323 1416 499 1477 tribuuntur
511 1416 661 1476 facultates
677 1417 714 1477 ad
729 1416 842 1494 jubilaei
853 1416 1106 1487 consecutionem,

97 1502 221 1563 directae
240 1501 376 1561 acecluti
397 1500 487 1578 ipsius
500 1502 676 1579 preparatio
690 1511 777 1572 sunt,
794 1500 871 1563 clare
890 1500 958 1561 inde
975 1502 1109 1578 sequitur

97 1588 223 1649 illarum
236 1586 301 1645 usui
314 1582 438 1644 minime
450 1584 547 1643 locum
559 1604 636 1656 esse,
653 1586 708 1646 nisi
724 1603 791 1645 cum
805 1604 839 1645 co
855 1588 906 1663 qui
924 1592 954 1644 ct
965 1584 1000 1642 nd
1014 1601 1109 1645 conse·

97 1670 254 1749 quendum
272 1669 427 1745 jubilaeum
445 1676 624 1747 praeparatus
637 1672 693 1742 sit,
715 1678 871 1731 etcertum
884 1669 987 1729 habeat
1006 1688 1109 1748 propo·

98 1757 192 1817 situm
202 1752 384 1831 adimplendi
397 1770 487 1831 opera
505 1753 649 1829 injuncta.
660 1754 687 1835 3.
704 1757 753 1815 66.
768 1756 847 1815 XIV.
859 1754 1030 1813 Confessarii
1043 1764 1109 1816 tan·

98 1839 168 1901 uim
193 1840 226 1899 in
255 1839 320 1898 soro
342 1838 566 1908 sacramentali,
592 1849 623 1899 et
644 1840 776 1899 Ecclesiis
802 1839 959 1915 designatis
985 1845 1108 1916 possunt

100 1924 275 1996 absolvere,
293 1930 324 1982 et
346 1932 412 1982 vota
425 1932 618 1984 commutare.
632 1923 659 2004 3.
675 1926 723 1983 65.
736 1924 800 1983 XV.
818 1925 963 2002 Tempore
971 1922 1082 2000 jubilaei
1097 1926 1106 1996 ,

98 2009 149 2069 vel
162 2009 415 2086 indulgentiarum
433 2007 556 2068 omnini>
574 2008 752 2086 imponenda
765 2016 808 2066 ost
818 2008 989 2087 paenitentia
1008 2007 1108 2070 lacon·

61 2079 72 2097 ⁴
99 2093 223 2155 lessario
234 2136 244 2164 ,
256 2109 295 2152 ne
310 2093 449 2151 mutilum
461 2101 578 2150 maneat
592 2101 820 2154 sacramentum.
834 2091 862 2172 3.
884 2093 931 2151 66.
948 2093 1028 2152 xvl.
1047 2096 1109 2154 No·

101 2177 183 2238 mine
195 2177 287 2254 partis
305 2177 381 2236 laesae
398 2193 457 2235 non
469 2176 645 2255 intelligitur
654 2177 746 2255 judex
756 2221 764 2249 ,
774 2177 825 2236 scd
839 2176 890 2254 qui
910 2174 1052 2236 damnum
1065 2185 1108 2238 est

100 2279 213 2340 passus.
223 2259 250 2340 3.
262 2261 312 2320 66.
325 2261 362 2323 Et
371 2259 474 2319 itidem
483 2259 649 2320 declaratur
661 2305 669 2326 ,
682 2279 743 2320 non
755 2277 838 2340 posse
852 2261 1025 2320 commutari
1040 2271 1107 2322 rota

100 2345 135 2404 in
160 2343 365 2422 prejudicium
385 2344 578 2413 terti1,s1cut
600 2353 704 2404 votum
724 2342 946 2422 perseverantiae
965 2344 995 2402 in
1010 2345 1106 2422 aliqua

101 2429 342 2507 congregatione,
359 2427 439 2505 qudd
460 2437 596 2489 naturam
612 2439 741 2489 assumat
758 2427 923 2489 contractus
937 2437 966 2488 et
977 2431 1106 2506 recipro-

100 2532 142 2572 cae
155 2514 342 2591 obligationis
361 2513 439 2573 inter
459 2522 614 2574 voventem
633 2525 664 2576 et
682 2514 949 2592 congregationem.
968 2515 1062 2574 XVll.
1077 2515 1107 2574 Si

102 2597 168 2674 quis
185 2606 250 2674 post
269 2597 480 2658 consessionem
503 2598 668 2674 prolabitur
688 2601 720 2657 in
738 2597 864 2664 lethale,
888 2599 975 2660 debet
997 2597 1106 2658 iterum

102 2681 256 2753 66661661,
271 2688 305 2742 ut
320 2681 459 2742 ultimum
473 2699 545 2759 opus
561 2684 613 2742 fiat
626 2684 657 2742 in
671 2687 774 2760 gratia.
787 2681 813 2760 3.
829 2683 878 2742 75.
889 2683 997 2743 XVlll.
1013 2683 1106 2762 Opera

100 2767 175 2826 lacta
191 2768 223 2827 in
242 2775 359 2844 peccato
372 2767 472 2826 valent
487 2766 525 2826 ad
543 2768 719 2827 lucrandum
735 2767 907 2845 jubilaeum,
928 2767 1017 2830 modd
1035 2769 1107 2830 fiant

62 2907 67 2916 ,
103 2851 202 2910 animo
212 2849 370 2912 exhibendi
387 2849 531 2912 bonorem
545 2855 606 2913 Deo
620 2873 629 2928 3
644 2871 705 2934 non
720 2861 819 2912 autem
838 2871 875 2912 ex
887 2852 947 2913 line
960 2871 1035 2916 vano
1051 2875 1058 2912 :
1075 2861 1105 2914 et

103 2934 192 2998 modd
211 2937 351 2997 ultimum
364 2954 437 3015 opus
459 2938 618 3015 impleatur
634 2939 665 2998 in
682 2939 786 3016 gratia.
800 2937 828 3018 3.
847 2939 896 2999 76.
915 2947 945 2998 et
958 2939 1008 2998 76.
1024 2939 1105 3000 ΧΙΧ.

106 3019 233 3081 Nomine
242 3017 476 3081 iiscolaeveniunt
485 3040 587 3081 omnes
603 3023 655 3099 qui
667 3032 737 3084 sunt
748 3025 865 3095 llomea,
877 3023 976 3084 animo
991 3021 1032 3082 ibi
1042 3041 1107 3083 mo·

102 3103 401 3182 candipcrmajorem
414 3107 483 3166 anni
497 3116 612 3185 partem
625 3151 634 3179 ,
648 3116 678 3168 ct
690 3127 792 3168 omnes
806 3109 855 3185 qui
873 3109 973 3168 Romae
982 3106 1105 3183 alicujus

104 3189 234 3250 muneris
248 3200 300 3250 aut
314 3191 424 3268 negotii
441 3192 526 3251 causi
542 3202 707 3252 morantur.
725 3193 871 3254 Confessio
882 3201 925 3250 est
942 3192 1102 3252 necessaria

103 3273 139 3335 ad
161 3274 336 3334 lucrandum
352 3273 526 3352 jubilaeum,
544 3276 657 3337 etiamsi
678 3277 744 3354 quis
762 3275 866 3336 habeat
886 3276 946 3337 sola
966 3276 1105 3337 venialia.

104 3358 131 3436 3.
146 3358 194 3419 77.
211 3357 278 3418 XX.
293 3359 352 3420 Pro
367 3360 512 3420 aliisverd
524 3361 732 3440 indulgentiis,
743 3362 766 3424 si
781 3361 920 3422 consessio
934 3360 1105 3439 praecipitur

100 3441 300 3519 -ut'dispositio
313 3486 322 3514 ,
334 3461 395 3504 non
411 3445 574 3522 requiritur
586 3445 727 3507 consessio
740 3445 917 3516 venialium,
931 3443 1011 3504 secds
1021 3446 1045 3504 si
1059 3447 1107 3506 in·

97 3523 1108 3610 ,36631166616666666666661616.3767171161661666666616666·
