2450 3975
109 166 169 227 411)
342 160 406 223 tio.
421 164 451 221 6.
468 162 567 221 Troct.
585 161 614 219 4.
631 162 673 218 lle
686 150 870 241 6661166116.

111 264 257 344 paenitens
275 263 400 343 implere
416 260 473 321 sub
490 259 630 332 mortali,
647 275 756 337 nempe
776 257 812 317 ad
830 256 1012 317 recitandam
1034 276 1118 319 eoro-

111 366 178 409 nam
192 348 275 409 flexis
293 347 436 425 genibus3
450 342 578 405 brachiis
588 344 733 420 extensis,
747 350 779 402 et
793 341 925 401 similia?
939 342 1028 420 Resp.
1042 342 1118 402 nulli

110 430 352 509 dubiumquod
374 429 494 492 omissio
514 428 743 488 circumstantiae
762 426 820 487 erit
840 424 945 485 saltem
973 428 1119 502 venialis;

110 517 227 596 quando
248 514 321 578 6666
338 517 395 577 6611
412 516 458 575 661
481 531 518 573 66
539 514 691 584 mortalis,
711 512 822 591 pendet
844 529 882 572 ex
904 513 1039 573 molestia
1063 513 1120 572 levi

109 610 159 661 661
172 601 254 679 gravi
267 645 276 672 ,
289 619 378 679 quam
398 598 483 660 atl'ert
502 598 739 668 circumstantia,
755 597 802 656 vel
824 614 878 674 per
896 615 944 669 se,
960 598 1121 676 66166666-

110 686 187 747 61166
206 687 244 747 ad
265 688 479 765 poenitentem,
493 692 581 762 prout
598 683 808 761 significaverit
823 682 1015 743 confessarius
1030 686 1121 761 66661-

111 772 234 832 tentiam
249 770 424 849 imponens;
445 770 484 829 ita
501 768 698 828 communiter
713 764 822 827 Suuclt.
837 766 908 825 Deo.
927 764 948 825 l.
969 769 999 826 4.
1020 788 1045 827 6.
1071 772 1119 829 ld.

111 850 1120 935 6611166661.16695116666661.1.6411666161.

111 946 177 997 sect.
193 940 223 999 5.
235 957 265 1020 q.
281 941 330 1000 16.
348 936 450 999 Tamo.
466 932 489 997 1.
500 938 531 996 4.
545 954 570 996 6.
582 938 611 997 2.
628 955 661 997 u.
680 936 726 995 14.
744 933 877 995 61666166
894 952 927 995 u.
945 937 1034 997 1180.
1055 957 1122 999 cusu

112 1023 226 1083 Dicost.
240 1024 368 1092 Averso,
385 1030 439 1081 ete.

150 1110 447 1169 116-116616166
467 1106 498 1167 5.
521 1106 777 1167 46666166666166
797 1124 852 1182 666
870 1106 964 1185 culpis
984 1108 1122 1185 gravibus
1199 1080 1207 1227 1

113 1194 204 1273 possit
237 1196 392 1272 imponere
420 1192 628 1273 penitentiam
661 1208 805 1269 gravem,
834 1191 885 1251 sed
922 1190 978 1251 sub
1012 1192 1124 1274 obliga·

113 1280 195 1340 11666
207 1281 288 1339 levi?

153 1364 260 1426 Primo
276 1364 421 1425 sententio
442 1373 531 1443 negat
554 1380 644 1442 quam
664 1372 768 1423 tonent
792 1360 887 1423 lieozi
903 1357 930 1421 6.
953 1363 984 1421 9.
1006 1370 1075 1423 sect.
1095 1366 1122 1424 5.

114 1467 144 1529 q.
159 1451 208 1509 14.
222 1458 251 1509 et
267 1453 379 1510 Bonae.
398 1468 429 1528 q.
450 1451 478 1509 6.
503 1456 570 1508 seut.
594 1449 624 1507 5.
645 1467 677 1526 6.
701 1450 731 1507 4.
748 1466 780 1507 u.
804 1449 834 1507 4.
850 1464 917 1506 caim
935 1444 1078 1508 Coua'uol.
1098 1456 1126 1509 et

115 1535 234 1615 Nuquo.
252 1533 337 1593 Ratio
350 1578 359 1605 ,
373 1534 460 1611 quia,
484 1529 552 1592 11661
569 1533 663 1609 possit
684 1532 833 1610 legislator
850 1532 882 1590 in
900 1532 1021 1589 materia
1042 1534 1124 1609 gravi
1209 1550 1211 1637 p

115 1617 245 1696 obligare
263 1616 381 1678 tantiam
404 1618 460 1677 suh
477 1617 553 1687 lovi,
568 1626 667 1675 tamen
690 1617 722 1676 in
742 1616 798 1678 1666
813 1626 993 1676 sacramento
1013 1618 1127 1677 nonies-
1211 1658 1212 1661 κ

115 1700 209 1763 sarius
225 1720 285 1763 non
302 1711 457 1781 reputatur
475 1712 509 1761 61
529 1701 694 1781 legislator,
712 1702 763 1760 sed
784 1709 818 1760 ut
830 1700 954 1776 simplex
970 1700 1125 1771 minister,
1160 1719 1165 1729 ·

115 1783 184 1847 edm
202 1786 245 1847 ibi
264 1797 330 1863 agat
347 1788 468 1847 nomine
481 1788 555 1861 Dei,
569 1786 650 1847 undo
666 1804 726 1847 non
746 1794 841 1866 potest
851 1784 1003 1844 materiam
1027 1804 1081 1863 per
1096 1804 1127 1845 so
1211 1756 1213 1819 1

115 1889 235 1949 gravem
249 1873 305 1932 sub
318 1873 376 1933 levi
391 1874 556 1951 imponere.
1212 1848 1214 1931 1

153 1955 287 2016 &maudo
302 1956 446 2019 sententio
460 1957 647 2018 oornmunior
664 1956 808 2032 affirmat,
831 1974 920 2035 quam
942 1964 1046 2016 166661
1069 1960 1127 2017 Bu·

114 2038 202 2103 semo.
216 2049 356 2120 utsupra
373 2060 440 2102 cum
459 2047 553 2103 Heur.
573 2052 603 2102 et
618 2045 693 2124 Fop.
708 2045 797 2104 Satur.
813 2041 843 2102 d.
856 2045 904 2102 58.
919 2050 987 2100 sert.
1003 2045 1078 2103 7.=u.
1095 2048 1124 2106 6.

115 2120 382 2187 6116666666.
401 2127 449 2184 64.
471 2127 510 2185 Ρ.
534 2125 657 2206 6666661
673 2128 814 2188 16616661.
834 2124 874 2186 od
895 2124 1070 2208 Confi-cup.
1096 2131 1127 2190 5.
1214 2139 1215 2156 ’

121 2207 303 2274 1661664.
322 2228 347 2269 6.
361 2212 391 2270 l.
405 2228 436 2269 o.
452 2209 482 2268 6.
498 2207 613 2269 Dicost.
628 2210 782 2292 6666616
794 2229 827 2270 u.
843 2210 930 2270 1149.
941 2220 972 2270 61
988 2211 1129 2288 probabi-

118 2296 177 2354 lem
193 2304 277 2356 vocat
293 2293 370 2356 Vino
388 2309 418 2373 q.
434 2295 464 2354 6.
484 2301 545 2353 661.
565 2296 595 2354 1.
612 2312 645 2355 u.
666 2299 696 2356 2.
719 2313 786 2356 euna
798 2293 940 2367 Mediuu,
965 2303 994 2355 et
1008 2294 1126 2356 Dione.

119 2381 222 2452 Ratio,
237 2380 305 2457 quia
321 2378 424 2438 reveri
444 2380 489 2458 (ut
507 2379 564 2457 ipsi
583 2381 743 2440 aduersarii
766 2383 947 2454 concedunt,
969 2389 1063 2457 utque
1081 2381 1130 2440 di-

118 2477 200 2525 61666
216 2460 293 2523 estl.
308 2466 335 2522 1.
350 2482 382 2524 u.
398 2462 479 2541 145.)
493 2466 618 2540 quilibet
628 2465 776 2543 legislator
792 2475 888 2545 potest
900 2483 1019 2544 gravem
1036 2475 1130 2525 mato

119 2549 194 2610 riam
214 2548 372 2627 praeoipere
390 2548 445 2608 sub
462 2549 532 2607 levi.
545 2551 605 2610 Neo
617 2549 712 2610 obstat
726 2551 801 2610 ratio
816 2550 966 2630 opposita3
979 2565 1048 2608 nam
1063 2568 1132 2609 eon·

119 2633 255 2693 fossarius
281 2635 313 2692 in
342 2632 398 2693 hoo
419 2643 601 2694 sacramento
627 2651 687 2694 non
710 2633 825 2694 tannim
855 2635 989 2713 iungitur
1013 2633 1131 2692 vicibus

119 2715 245 2788 Christi,
268 2717 320 2777 sed
347 2719 436 2777 etiam
452 2728 497 2778 est
517 2717 663 2778 dChristo
683 2719 858 2778 constitutus
881 2735 969 2777 veros
985 2713 1079 2792 judex
1101 2727 1132 2777 61

119 2801 285 2880 legislator,
300 2802 351 2878 qui
366 2821 403 2861 ex
420 2813 563 2880 potestate
575 2804 631 2863 sibi
649 2803 754 2862 tradita
771 2804 858 2862 solvit
872 2799 1051 2862 remittendo
1060 2818 1131 2877 peo-

119 2894 180 2944 eata
194 2928 203 2955 ‚
217 2891 247 2943 et
260 2885 332 2962 ligat
350 2897 494 2965 praecepta
509 2887 688 2966 imponendo
703 2887 778 2947 eirea
792 2887 1002 2964 obligationem
1016 2885 1130 2944 satissa-

120 2969 225 3030 etionis
245 2969 404 3046 implendoe
426 2992 435 3029 6
461 2972 540 3032 tando
559 2971 649 3048 hujus
677 2972 862 3051 obligationis
884 2969 1011 3048 gravitas
1031 2969 1131 3029 oritur

120 3072 180 3116 non
195 3071 231 3113 ex
243 3054 273 3112 vi
287 3055 483 3126 Sacramenti,
508 3056 611 3115 sodex
628 3066 775 3134 praeoepto
796 3055 974 3116 confessarii.
998 3053 1067 3112 11666
1083 3071 1130 3112 se·

118 3138 214 3200 cunda
229 3140 372 3199 sententia
392 3157 446 3217 666
463 3158 494 3199 se
506 3141 656 3217 loquendo
677 3143 761 3201 valde
779 3140 939 3220 probabilis
954 3135 1028 3198 milri
1044 3139 1128 3198 vide·

120 3233 188 3296 166,
201 3223 253 3283 sed
271 3241 331 3283 non
345 3224 520 3302 probarem,
535 3225 559 3283 si
576 3225 767 3286 confessarius
780 3243 815 3284 ex
825 3224 879 3283 hae
893 3223 1027 3282 doctrina
1039 3223 1131 3282 vellet

119 3325 174 3384 pro
195 3309 318 3382 peooatis
335 3308 473 3386 gravibus
493 3315 584 3368 totam
602 3311 807 3386 paenitentiam
823 3310 977 3387 imponere
990 3306 1130 3378 subieri,

119 3398 239 3464 excepto
256 3408 323 3448 casu
343 3392 441 3468 gravis
455 3391 659 3471 aegritudinis,
676 3403 727 3453 aut
748 3393 954 3453 intensissime
972 3391 1132 3452 666161116-

118 3468 182 3536 nis,
196 3471 243 3527 vel
264 3473 323 3530 alio
340 3490 407 3532 casu
426 3477 592 3550 rarissimo,
605 3479 637 3536 in
652 3495 711 3554 quo
724 3475 847 3538 omnind
867 3475 1019 3536 videretur
1040 3493 1133 3552 expo-

120 3543 182 3600 1166
205 3549 381 3614 adsalutem
399 3560 592 3639 paenitentis,
613 3577 718 3624 conseo
734 3562 815 3623 enim
836 3579 872 3621 ox
892 3569 1040 3640 66666616
1060 3563 1134 3642 Tri·
