2450 3975
146 126 205 189 stc
382 125 904 211 recenseremus.

145 246 237 303 rum,
259 230 283 291 si
309 230 456 309 paenitens
475 231 622 293 sufficiens
644 233 779 295 nondum
801 234 933 312 prebeat
951 236 1071 314 signnm
1091 255 1147 302 nn

145 312 355 393 dispositionis.
372 316 444 379 Vide
455 314 591 381 Satmste
601 318 706 400 poenit.
723 336 749 379 c.
765 321 794 379 b.
807 337 840 399 p.
856 320 887 378 1.
901 340 935 380 6.
947 323 996 381 66.
1010 323 1147 383 aeumn

146 399 309 461 notandum
329 410 374 463 est
391 402 493 481 (prout
511 400 640 463 diximus
659 399 697 461 de
718 420 846 462 ennam.
864 402 898 463 in
917 422 986 485 pen.
1012 424 1046 464 6.
1066 407 1146 484 bb),

145 481 225 563 qubd
241 484 273 545 in
284 485 349 547 aliis
362 485 567 558 sacramentis,
585 482 654 545 crim
665 488 788 547 materia
803 486 842 547 sit
863 485 1008 567 physica,
1027 488 1148 568 physice

144 569 316 647 requiratur
342 570 506 646 certitud03
530 569 633 631 sedin
659 564 717 631 hoc
739 579 920 631 samamento
947 572 1147 650 penitentis,

143 650 212 715 6166
226 658 348 717 materis
367 656 406 715 sit
423 655 543 716 morafie
552 700 562 731 ,
576 662 667 733 prout
683 663 754 716 sunt
770 662 853 716 ectus
865 657 1057 734 penitentis,
1073 658 1150 716 suffi-

143 738 184 801 cit
204 740 349 801 certitudo
367 740 502 812 morulis,
519 741 581 800 sive
593 741 764 818 respectiva.
780 740 918 801 Sicenim
931 740 1078 801 docuitD.
1092 741 1147 802 Tb.

143 822 173 881 1.
189 824 263 906 eq.
286 826 336 885 st.
353 843 384 883 6.
399 826 428 883 5.
447 822 498 885 ad.
518 826 548 885 5.
563 825 626 885 Nec
641 831 770 905 oportet,
790 822 871 903 quod
890 824 986 885 omnis
1008 843 1147 885 nwnsuro

141 903 184 965 sit
201 907 322 970 omnini
339 902 511 987 infallibilis
514 950 573 981 .....
599 904 652 967 sed
669 904 829 969 66666666
848 906 929 987 qued
945 916 989 968 est
1010 906 1147 987 possibile

141 987 176 1049 ia
188 1008 293 1070 ponere
309 1010 374 1053 suo.
392 994 429 1053 Et
444 994 474 1053 2.
496 995 527 1054 2.
541 1010 571 1072 q.
584 992 635 1051 tt.
649 1011 697 1051 er.
710 993 740 1051 9.
755 988 797 1053 ad
811 992 842 1052 2.
858 990 1007 1052 certitudo
1025 1010 1089 1052 non
1106 999 1148 1052 est

140 1070 275 1135 se'rniliter
287 1074 446 1157 querenda
463 1076 498 1138 in
515 1075 651 1139 6661666
660 1122 671 1153 ,
684 1074 735 1137 sed
750 1075 784 1135 in
802 1092 983 1155 unaqueque
997 1075 1144 1151 materia,

138 1158 471 1243 annemundum
490 1160 630 1239 modum
645 1160 720 1241 puio
742 1162 810 1223 6666
832 1161 961 1221 mauric
979 1159 1147 1241 prudentie

138 1251 212 1305 aunt
232 1243 401 1328 sinpuiaric
421 1247 642 1327 coatinpentia,
669 1245 747 1307 eirca
771 1262 839 1325 quc
864 1253 938 1306 sunt
961 1244 1146 1325 operationes

138 1324 296 1407 bumana,
315 1350 378 1393 666
395 1340 490 1412 potest
513 1329 654 1391 certitudo
670 1328 836 1411 prudentie
855 1337 942 1389 tantu
965 1347 1043 1406 esse,
1067 1326 1147 1409 quid

138 1417 260 1477 omnini
275 1414 441 1478 sollicitudo
458 1412 589 1477 16116166.
605 1416 690 1477 Unde
698 1415 796 1495 quoad
809 1424 943 1477 nostrum
959 1416 1147 1493 propositum

137 1506 268 1577 spectet,
285 1501 393 1562 suffieit
412 1500 493 1580 qubd
513 1502 705 1561 confessarius
722 1499 830 1562 habeut
849 1499 1026 1579 prudentem
1042 1498 1147 1578 probe·

136 1582 281 1647 bilitutem
304 1586 342 1647 de
359 1586 550 1667 dispositione
570 1586 762 1665 poenitentis,
784 1594 815 1647 et
841 1604 902 1645 non
918 1584 1017 1645 obstet
1032 1601 1071 1645 ex
1090 1585 1146 1643 elia
1218 1593 1220 1628 t

137 1676 222 1749 parte
241 1670 372 1750 prudens
390 1668 517 1751 auspicio
535 1669 865 1748 indispositionis3aiibs
880 1669 930 1730 vix
947 1668 1029 1728 ullus
1047 1678 1147 1748 posset
1218 1711 1220 1752 5

137 1754 268 1829 absolvi,
287 1756 360 1817 dum
382 1773 575 1835 quencumque
591 1755 675 1833 signa
693 1754 901 1833 penitentium
922 1770 984 1813 non
1004 1762 1146 1831 praestent

136 1840 194 1901 nisi
213 1840 450 1918 probabilitatem
473 1839 690 1918 dispositionis,
714 1847 749 1898 ut
766 1836 844 1899 recti
860 1838 946 1899 docet
968 1838 1009 1897 P.
1031 1838 1146 1897 Suarez
1218 1855 1220 1912 t

135 1918 330 2002 depoentec.
344 1927 394 2002 52.
408 1927 524 1986 tui-n.
538 1925 566 1983 1.
582 1923 634 1984 ubi
650 1924 713 1994 ait,
729 1922 811 2001 qubd
827 1928 961 2000 oportet,
972 1928 1002 1980 et
1018 1919 1144 1992 sufficit,
1218 1917 1220 1970 ἰ

136 2013 170 2066 ut
191 2003 388 2086 messuerint
408 2007 569 2088 prudenter
582 2015 613 2067 et
625 2004 817 2088 probabiliter
827 2005 943 2087 judicet
955 2005 1147 2086 penitentem
1218 2003 1220 2022 ¹

135 2105 195 2150 esse
211 2088 397 2171 dispositum.
410 2093 447 2152 Et
458 2089 515 2151 hoc
531 2090 652 2150 videtur
662 2096 733 2152 satis
746 2092 872 2170 exprimi
885 2091 917 2150 in
928 2087 1045 2150 catech.
1052 2091 1144 2151 Rom.

49 2197 51 2203 ¹
135 2172 172 2235 de
189 2177 292 2257 ponit.
305 2194 339 2238 6.
351 2178 401 2238 60.
415 2173 467 2236 ubi
480 2175 611 2237 diciturc
632 2177 668 2236 Si
681 2173 790 2238 auditu
800 2172 978 2256 confusione
986 2175 1146 2254 (sacerdos)

129 2257 325 2342 Jiedieacerit,
338 2277 430 2343 inque
456 2256 492 2320 in
510 2254 718 2323 muntenndts
732 2259 859 2342 peccatis
873 2257 1078 2342 6611966666,
1093 2279 1148 2320 nee
1218 2316 1220 2331 ,

136 2343 171 2405 in
196 2342 526 2408 detestandisdolorem
542 2344 701 2426 poenitenti
725 2346 847 2414 mnninb
861 2343 1007 2424 defuisse,
1030 2341 1148 2405 obsoioi
1218 2338 1220 2379 ³

132 2430 342 2514 poterit.Ergb
357 2446 521 2509 semperne
540 2431 716 2491 confessario
734 2428 860 2508 positive
880 2447 942 2489 non
963 2428 1145 2501 innotescit,

134 2516 290 2594 poenitenti
308 2513 432 2576 omniub
443 2513 567 2576 defuisse
583 2514 739 2591 dolorem,
754 2515 852 2592 ipsum
869 2513 1021 2575 absolvere
1032 2522 1145 2590 potest.
1218 2528 1219 2581 ς

136 2600 212 2662 Hinc
228 2605 337 2661 auctor
355 2618 423 2678 sup.
440 2601 490 2660 cit.
510 2597 632 2678 (Istrus.
647 2616 703 2679 per
722 2595 747 2658 ts
764 2615 833 2658 666.
848 2595 935 2677 Conf.
953 2616 986 2678 p.
1000 2597 1030 2657 1.
1049 2614 1078 2656 6.
1092 2598 1144 2657 ib.

134 2703 168 2744 6.
180 2685 262 2761 560.)
275 2703 342 2744 666
354 2687 489 2764 Esparsu
505 2684 547 2743 sic
565 2683 718 2761 loquitur:
729 2679 834 2742 Decede
850 2681 903 2744 noi
918 2677 1078 2760 [6666666
1090 2678 1148 2760 qui

133 2787 187 2850 per
201 2766 306 2830 ultimo
321 2767 353 2829 ia
368 2763 568 2843 conclusione,
580 2767 651 2830 cb‘i
669 2765 700 2828 ia
714 2765 814 2828 cbiaue
823 2763 857 2827 di
872 2773 949 2826 tutta
960 2771 1066 2845 queste
1076 2784 1148 2826 mc·
1218 2827 1220 2830 ,

136 2855 229 2930 teria,-
246 2871 307 2914 non
325 2853 478 2916 ricercarsi
503 2851 580 2914 altro
595 2871 652 2935 per
662 2849 883 2913 amministrare
903 2847 936 2909 tc
951 2848 1146 2923 Penitenza,

134 2937 184 3001 cite
201 2955 244 2997 un
260 2935 393 3019 piudirio
407 2935 550 3018 prudente
566 2934 717 3016 probabile
729 2931 809 2996 delio
827 2931 1022 3014 disposicione
1033 2930 1149 3015 dcipe·
1218 2938 1220 2963 ³

134 3021 255 3085 nitente.
269 3019 351 3083 Onde
367 3039 397 3082 se
424 3017 450 3082 ie
468 3021 645 3083 circostanzc
663 3039 725 3082 non
740 3017 876 3100 {wdone
891 3036 936 3078 un
948 3014 1055 3079 dubbio
1066 3035 1148 3096 pne-

134 3105 236 3182 deute,
255 3103 298 3166 cb’
308 3102 366 3186 spii
380 3123 441 3166 666
461 3105 508 3165 sia
529 3101 785 3184 sufficientemente
802 3100 949 3184 despecto,
962 3117 1026 3163 666
1045 3099 1101 3164 dee
1120 3098 1148 3163 ii
1218 3104 1220 3147 i

136 3189 303 3270 consessore
327 3188 491 3272 iniquietare
510 3206 543 3256 se
563 3198 670 3263 stesso,
690 3191 728 3250 ni
747 3185 774 3248 u
789 3189 937 3268 penitente
956 3203 1011 3267 per
1032 3203 1148 3250 666666
1218 3214 1220 3259 ,

133 3272 312 3352 t’ecidenza,
336 3272 385 3336 cite
407 3291 469 3335 666
483 3274 499 3333 i
512 3271 650 3354 possibile
667 3273 720 3352 tt).
742 3275 779 3354 Et
797 3271 868 3332 huic
887 3270 1025 3332 conducit
1041 3279 1148 3333 textus
1218 3264 1220 3285 '

158 3393 191 3449 (1)
202 3396 231 3440 ld
245 3399 296 3440 ests
314 3394 347 3440 Es
364 3394 400 3441 his
417 3395 511 3442 undam
524 3394 669 3442 deducamus
683 3394 745 3441 hauc
760 3394 935 3442 conctasionem
948 3407 1000 3455 que
1016 3399 1056 3440 est
1071 3392 1148 3454 qussi

132 3453 204 3522 cissis
221 3459 292 3503 totius
311 3462 412 3506 materia
426 3461 566 3520 praesentire
578 3459 608 3506 ed
625 3461 764 3520 paenitentia
776 3472 951 3506 sacromentum
969 3459 1148 3508 conterendum

129 3513 163 3560 art
180 3515 246 3563 aliud
258 3522 390 3579 requiritur
407 3527 478 3589 qttbm
494 3525 611 3586 judicium
633 3525 739 3586 prudens
754 3534 780 3572 ot
795 3525 918 3586 probabile
937 3523 969 3572 de
984 3523 1148 3588 dispositione
