2450 3975
284 142 357 220 Cap.
370 140 398 201 1.
412 138 458 201 lle
470 136 661 220 mnfeeaiooe.
678 138 758 203 Duo.
772 140 802 201 5.
818 142 884 202 Art.
902 141 931 201 5.
1056 143 1109 203 591

99 267 116 298 ι
142 260 229 303 eausa
243 286 252 315 ,
268 250 303 301 ut
321 241 515 318 impotentia,
529 241 591 301 sire
604 240 745 320 physica,
758 242 821 303 sive
841 241 983 314 moralis,
1000 259 1066 321 quae
1088 246 1113 302 si

100 354 115 381 ι
143 328 240 399 adsit,
254 334 350 405 potest
368 325 433 386 fieri
453 334 548 398 nutu,
562 326 794 403 scripto,aliove
805 328 889 405 signo
902 348 910 385 ι
923 344 953 386 r.
971 344 1001 405 g.
1012 327 1113 406 siquis

100 439 116 467 ιι
144 412 184 473 ob
203 412 380 471 anxietatem
404 411 485 487 loqui
511 428 572 471 non
595 412 714 489 possit,
743 417 795 471 aut
815 412 912 489 puella
935 429 1023 489 supra
1047 428 1112 471 mo·

99 524 113 551 ι
140 493 389 557 dumverecundo
403 494 877 574 aliterseuonpossitexplieare,
889 495 977 575 quim
989 496 1110 575 scripto,

99 608 113 637 ι
140 598 202 659 quo
223 578 240 639 i
262 580 438 641 confessario
462 580 555 651 leeto,
575 580 665 641 addat
684 599 776 655 roeo,
799 581 837 641 de
858 578 904 641 his
927 597 976 640 me
997 598 1109 642 aeeuso.

98 690 114 720 ιι
141 666 231 726 Soror.
247 664 392 743 Vosqucz,
402 662 492 725 Coro.
504 663 540 725 dc
552 667 766 745 larpodopm.
776 660 799 725 l.
808 667 838 725 1.
853 672 876 725 t.
892 665 956 724 ilc.
966 665 995 723 6.
1004 684 1036 725 ιι.
1050 666 1080 723 5.
1093 690 1106 717 ι

98 752 166 828 (lto
182 748 273 809 etiem
282 745 377 809 Satn.
393 748 428 809 1ι
440 768 518 828 poan.
532 768 559 809 e.
572 752 603 811 7.
623 748 654 810 1.
675 752 705 811 1.
724 768 757 811 ιι.
782 753 832 811 11.
846 767 913 811 cuna
929 751 1020 827 Veto.
1035 750 1110 811 Con.

98 830 427 913 Pai.Con.etc.1dque
444 851 612 912 caprearum
630 832 798 895 nuectario
810 836 929 894 Extrav.
948 835 1028 893 luter
1039 851 1111 893 eun·

97 924 185 989 ctas,
199 917 237 982 tle
256 918 356 996 privil.
369 918 423 981 ubi
433 917 566 979 dicitur:
558 920 647 979 ·Nisi
665 920 806 981 articulus
820 918 999 981 necessitatis
1009 936 1111 978 occur·

97 1011 163 1075 rot,
177 1002 320 1063 sacerdoti
336 1004 466 1063 iacienda
483 1012 528 1063 est
543 1003 602 1064 oris
612 1004 764 1065 confessio.
781 1002 864 1065 Idem
875 1002 980 1064 11ιιιιιι
988 999 1112 1082 prefati

98 1088 163 1146 ι1ι1.
181 1085 262 1147 deco
268 1087 396 1167 ,quial
409 1085 789 1168 inpedimentumliopuoe,
802 1085 1017 1183 ooldcprooem
1030 1082 1110 1166 diffi-

98 1167 238 1231 cultatem
252 1190 284 1233 ae
298 1172 458 1271 confitendi
470 1190 535 1234 uoco
555 1175 718 1253 experitur.
739 1172 822 1234 Idem
841 1172 933 1233 sentit
951 1170 1053 1233 Tomb.
1075 1170 1110 1231 dc

97 1252 286 1335 eorumdem,
302 1258 356 1335 qui
369 1256 579 1337 putotccripto
597 1254 703 1317 inclite
723 1274 753 1318 ιι
773 1252 958 1337 emptione«
945 1254 1041 1314 ulmo
1057 1254 1109 1331 qui

99 1340 224 1399 »aliter
245 1358 306 1399 non
332 1350 445 1420 potest,
471 1350 589 1403 tenetur
613 1341 697 1417 juxto
725 1357 913 1401 communem
935 1339 1109 1397 sententiam

98 1423 274 1483 »confiteri
297 1442 351 1503 per
370 1435 479 1496 nutus,
495 1434 547 1485 aut
565 1426 710 1504 seriptum
727 1435 861 1503 tempore
880 1423 1039 1502 praecepti·
1055 1423 1108 1480 etsi

98 1532 113 1562 ιι
138 1509 171 1568 11
191 1510 290 1587 quoad
310 1511 488 1587 scripturam
505 1529 567 1571 non
589 1512 749 1572 admittent
763 1512 844 1571 Noe.
869 1507 931 1569 Tol.
952 1509 1014 1569 Sot.
1040 1503 1107 1568 tat.

98 1618 112 1647 ιι
137 1595 231 1655 Dion.
247 1605 329 1655 extra
350 1596 509 1655 articulum
523 1598 639 1656 mortis.
650 1622 664 1649 ιι
681 1594 768 1673 (Vite
784 1594 862 1655 clieta
874 1592 1036 1652 ιι.119.ιίι
1050 1590 1106 1670 fin.

97 1680 321 1757 renuntiet.)
338 1704 352 1733 ιι
375 1677 446 1741 Vide
466 1680 498 1739 C.
523 1679 558 1741 de
577 1682 661 1761 Lupo
674 1680 706 1740 1.
721 1683 770 1739 tt.
784 1698 817 1738 ιι.
833 1679 881 1738 87.
893 1677 1036 1736 Similiter
1046 1692 1109 1733 sua·

96 1788 112 1816 ιι
136 1764 267 1825 dentium
287 1782 350 1824 esse
368 1764 486 1835 surdis,
508 1774 542 1825 ut
566 1767 763 1826 confiteantur
783 1765 900 1841 scripto.
916 1759 996 1838 (lieet
1018 1760 1108 1820 adid

96 1874 111 1903 ιι
137 1864 197 1908 non
211 1846 401 1927 teneantur),
416 1866 455 1907 ne
467 1847 504 1908 ab
520 1850 584 1909 aliis
593 1850 753 1909 audiantur
766 1868 773 1907 ε
787 1845 1027 1921 eamdemqueob
1040 1863 1108 1905 cau·

95 1958 111 1987 ιι
135 1950 197 1996 earn
211 1933 272 1994 eos
298 1951 359 1994 non
379 1933 622 2013 interrogandos,
634 1934 692 1995 nisi
712 1934 751 1995 de
767 1930 854 2012 plane
873 1932 1057 2006 necessariis,
1071 1948 1108 1993 cx

95 2041 112 2072 ιι
135 2017 254 2079 Poetae.
268 2017 355 2080 duret
369 2017 464 2078 Diuo.
476 2037 507 2098 p.
521 2021 551 2080 5.
569 2027 591 2080 t.
606 2021 637 2080 1.
649 2037 677 2080 r.
692 2023 760 2083 tat.
773 2027 800 2082 ct
811 2037 845 2098 p.
857 2019 885 2078 t.
898 2025 920 2078 t.
933 2018 963 2078 6.
974 2035 1002 2078 r.
1016 2019 1046 2078 t.

480 2204 562 2266 Unde
574 2204 697 2269 resolvet
711 2231 722 2267 ι

139 2405 153 2436 ιι
173 2383 220 2456 Ιι,
236 2382 288 2460 qui
301 2389 382 2443 extra
395 2383 595 2444 necessitatem
614 2389 708 2444 totam
724 2383 935 2444 consessionem
947 2382 1016 2444 lacit
1029 2389 1105 2445 notu

94 2489 110 2519 ι
134 2467 181 2526 vol
196 2468 328 2545 scripto,
346 2469 512 2529 mortaliter
525 2477 646 2546 peceat,
662 2487 696 2528 oc
711 2478 924 2547 consequenter
938 2485 998 2527 non
1009 2468 1105 2528 absol-

96 2572 111 2602 ιι
135 2549 225 2612 vitor.
252 2550 350 2612 Dion.
364 2567 398 2634 p.
418 2554 447 2612 5.
466 2561 487 2612 t.
501 2555 530 2613 1.
546 2571 572 2613 ι.
585 2554 652 2613 117.
670 2572 708 2614 ea
726 2550 836 2634 sylvio.
855 2552 926 2612 Vide
938 2548 1008 2611 Fili.
1027 2560 1050 2611 t.
1073 2554 1102 2612 1.

97 2659 110 2687 ι
137 2641 175 2694 ιι.
190 2636 219 2695 7.
231 2654 256 2696 e.
271 2637 300 2695 1.
315 2638 401 2697 Cotto.
416 2636 447 2696 1.
465 2641 495 2698 6.
515 2635 584 2698 dub.
598 2640 627 2699 1.
637 2639 728 2697 Scor.
746 2637 776 2699 1.
795 2638 845 2696 il.
859 2643 926 2696 sect.
938 2638 968 2696 5.
980 2654 1013 2695 ιι.
1027 2638 1057 2696 t.

135 2722 204 2780 191.
216 2753 255 2765 -
270 2745 284 2774 ιι
296 2722 429 2782 Secunda
454 2722 603 2795 conditio,
621 2722 712 2784 nteit
728 2730 856 2794 ceneta,
875 2721 907 2782 id
926 2731 988 2795 est,
1003 2731 1038 2782 ut
1052 2722 1104 2784 ilat

96 2825 111 2856 ι
134 2802 188 2862 soli
202 2805 361 2877 sacerdoti,
374 2823 435 2866 non
449 2807 570 2886 quidem
583 2827 620 2866 ex
630 2808 799 2866 necessitato
808 2850 816 2877 ,
826 2806 878 2866 sed
891 2826 946 2867 usu
959 2808 1102 2868 Ecclesiae.

87 2914 109 2942 ·ιι
134 2888 253 2949 Publica
271 2898 369 2952 autem
381 2934 390 2962 ,
404 2892 499 2968 qualis
511 2892 544 2951 in
558 2892 731 2968 naufragio,
747 2893 865 2969 praelio,
883 2891 1038 2971 hospitali,
1052 2891 1103 2951 ubi

96 2999 110 3028 ι
134 2974 182 3033 olii
193 2973 326 3050 adjacent
338 3019 346 3047 ,
359 2975 406 3036 vel
428 2996 481 3054 per
493 2977 688 3056 interpretem
707 2976 763 3049 iit,
781 2996 842 3037 non
865 2978 974 3056 obligat
989 2979 1104 3056 (saltem
1167 3032 1173 3040 .

96 3083 109 3111 ιι
133 3067 268 3136 respectu
278 3070 478 3158 peecatorum
506 3060 721 3140 occultorum),
745 3061 853 3121 nisiex
877 3061 1019 3121 charitate
1037 3059 1102 3134 sul,

96 3167 109 3195 ι
132 3160 217 3208 eum,
233 3144 285 3221 qui
306 3144 337 3203 in
352 3146 475 3206 articulo
489 3147 593 3206 mortis
613 3145 776 3207 dubrtatde
788 3147 984 3221 contritione
995 3144 1104 3206 aetum

94 3236 97 3244 '
93 3223 228 3286 audlruc
246 3227 356 3288 suffieit
374 3247 407 3286 ea
421 3229 556 3290 confiteri
569 3249 635 3308 quae
647 3232 794 3291 minorem
808 3231 930 3307 pariunt
939 3230 1101 3290 infamiam.

80 3319 106 3365 ι
130 3309 274 3370 ltaSucr.
291 3311 429 3394 Fepuotl.
443 3311 537 3374 Dian.
549 3332 583 3394 p.
595 3316 625 3374 5.
643 3322 681 3373 tr
693 3316 724 3376 1
741 3333 768 3374 r.
783 3316 832 3374 19.
845 3322 899 3375 ete.
