2450 3975
119 253 178 317 200
352 247 417 315 Lib.
430 250 461 314 6.
480 249 577 315 Praei.
590 247 622 317 5,
634 247 678 312 De
689 241 891 310 Euclort'atio.

157 354 219 416 Nec
235 351 378 419 doctrine
397 351 514 418 tradita
526 350 622 416 obstat
637 349 789 416 decretum
804 345 957 416 clareatis
974 347 1034 412 XI.
1046 349 1130 426 quod

119 440 243 519 opponit
250 442 289 504 P.
295 441 467 516 hieracita,
475 438 561 499 sicuti
573 456 627 504 uec
638 437 727 503 etiam
736 435 855 499 obstant
863 434 978 502 decreta
984 432 1079 497 Pauli
1090 436 1128 496 t⁷-.

119 532 150 583 et
168 523 284 586 Urbani
298 522 406 596 Vnt,
424 525 457 583 iu
473 521 580 611 quibus
593 529 711 583 vetatur
721 519 870 599 Episcopis
881 505 1053 596 hujusmodi
1065 520 1130 584 dis·

119 609 326 688 pausationem
340 606 516 682 concedere,
535 607 604 685 quia
616 606 733 668 decreta
753 604 961 692 intelliguntur
967 603 1050 680 juata
1060 605 1131 666 Tri·

120 691 234 752 dentini
252 693 431 753 sanctionem
441 733 450 762 ,
462 697 498 758 ut
513 688 597 765 ajunt
608 687 756 764 Eseobur,
771 683 863 752 sum.
878 695 916 747 tr.
928 689 997 748 bc.
1010 689 1040 748 l.
1050 691 1130 769 pit.

120 771 1130 854 a.ta.eumrtittterto,aorrod.1too.Quinetiantonofflopumt,

120 862 229 923 scilieet
249 862 286 924 de
303 854 519 940 dispensatione
539 877 594 939 per
613 859 737 926 modum
761 855 900 932 dubitate,
921 857 1051 924 sednon
1074 877 1132 937 per

120 945 243 1006 modum
262 946 347 1006 cottis
360 944 398 1008 ad
413 951 530 1024 tempus
545 961 602 1021 pro
617 943 716 1021 aliquo
730 959 798 1010 casu
812 940 981 1018 particulari
992 985 1000 1016 ,
1011 943 1131 1020 quando

120 1028 305 1104 rationabilia
318 1045 403 1089 causa
416 1025 604 1109 dispensandi
619 1027 772 1090 habeatnr.
784 1027 820 1088 Et
835 1026 974 1104 quoniam
987 1035 1053 1105 post
1061 1027 1132 1087 Tri·

120 1112 232 1172 dentiui
251 1113 404 1175 decretum
425 1131 485 1175 uon
504 1113 664 1176 defuerunt
685 1119 834 1190 auctores,
853 1107 898 1172 uti
914 1110 1001 1172 Setos
1013 1120 1043 1172 et
1055 1114 1130 1170 Em-

119 1193 303 1270 moauclSc,
314 1198 365 1277 qui
381 1196 520 1258 dixerunt
534 1215 595 1259 uon
608 1215 669 1264 esse
681 1203 832 1278 peccatum
844 1210 932 1274 grave
943 1197 1130 1258 extraEecle-

119 1280 194 1341 siam
220 1282 390 1356 celebrare,
410 1283 435 1342 si
460 1282 493 1343 iu
517 1283 582 1342 loco
604 1279 728 1344 honesto
749 1277 935 1350 celebretur,
957 1277 1018 1352 imd
1040 1280 1131 1342 Sotiis

121 1367 238 1444 scripsit
264 1369 310 1447 (ut
326 1368 417 1428 reiert
438 1369 473 1428 P.
487 1368 600 1430 Suurcz
618 1367 652 1426 iro
668 1367 697 1426 5.
712 1382 747 1445 p.
766 1371 788 1424 t.
803 1364 833 1424 5.
858 1360 918 1424 dcc.
932 1365 982 1426 81.
1008 1374 1076 1428 scot.
1098 1367 1130 1427 5.

120 1448 154 1509 in
169 1451 282 1531 priua.)
300 1470 331 1512 se
352 1453 466 1513 nullam
487 1452 520 1512 in
539 1449 596 1513 hoc
618 1467 774 1530 agnoscere
796 1448 935 1527 eulpam,
957 1466 1074 1528 semper
1096 1468 1132 1510 ae

120 1533 231 1595 secrctb
256 1535 475 1608 celebraretur,
505 1544 535 1597 et
565 1536 734 1608 scandalum
762 1533 896 1612 abesset3
921 1533 988 1594 ldeb
1010 1533 1133 1596 sortasse

121 1620 275 1681 memorati
295 1618 453 1681 Pontifices
469 1619 525 1680 hoc
541 1617 700 1698 prohibere
717 1617 870 1700 Episcopis
887 1619 1130 1696 urgentioribus,

121 1703 355 1786 clarioribusque
374 1702 500 1768 decretis
516 1703 699 1781 judicantur.
1082 1735 1085 1738 ·

159 1792 320 1853 Dubitatur
329 1793 436 1854 deinde
448 1837 456 1863 ,
469 1791 584 1870 quoties
595 1790 714 1855 concedi
728 1789 819 1870 possit
829 1788 999 1866 hujusmodi
1012 1789 1133 1872 dispen·
1213 1805 1218 1810 ’

121 1875 217 1934 satio?
229 1873 321 1936 Sclm.
339 1874 361 1936 l.
381 1895 407 1936 e.
421 1877 524 1936 dicunt
547 1877 658 1948 semel,
676 1876 723 1936 vel
741 1875 808 1954 bis,
829 1875 881 1936 sed
901 1875 971 1948 alii,
986 1884 1021 1936 ut
1039 1877 1130 1939 Scor.

121 1957 294 2037 loyman,
316 1962 429 2022 Boane.
452 1958 602 2036 Escobor,
624 1957 796 2022 Holzmona
817 1966 846 2021 ct
863 1955 949 2023 attat
968 1977 1036 2022 com
1049 1963 1131 2025 Poa-

119 2036 264 2120 quolipo‚
288 2050 341 2102 cto.
368 2043 523 2103 indefinite
552 2037 739 2123 loquuntur,
764 2054 794 2105 et
815 2043 986 2123 intelligunt
1010 2047 1132 2109 concedi

119 2142 226 2202 posse,
252 2128 379 2188 durante
404 2128 598 2203 infirmitate,
624 2132 671 2190 vel
698 2129 755 2191 alid
782 2130 867 2193 eausa
890 2130 1070 2193 accidentali.
1094 2136 1132 2195 Et

120 2210 227 2273 meritb
245 2211 398 2281 indefinite
414 2213 577 2291 loquuntur
588 2235 597 2290 3
610 2232 681 2274 nam
699 2212 864 2293 prohibitio
882 2214 1070 2293 dispensandi
1086 2225 1133 2278 est

119 2298 228 2359 strictae
243 2298 510 2378 interpretationis,
524 2316 557 2358 ac
570 2298 759 2378 intelligenda
780 2304 824 2363 est
844 2300 889 2381 (ut
902 2300 1036 2380 superius
1053 2302 1132 2363 vidi-

120 2383 198 2463 mus)
217 2382 331 2445 tanttinr
345 2404 400 2463 pro
419 2384 686 2463 dispensationibus
705 2386 846 2449 continub
866 2386 1130 2466 permanentibus,

120 2486 181 2529 non
196 2468 266 2530 verb
280 2486 334 2549 pro
350 2470 387 2528 iis
398 2514 406 2542 ,
418 2488 484 2549 quae
498 2469 536 2531 ad
548 2478 665 2547 tempus
680 2470 881 2532 conceduntur
893 2470 1027 2551 respectu
1038 2472 1131 2532 alieu-

117 2550 167 2629 jus
190 2571 283 2614 causae
307 2554 495 2614 transeuntis.
518 2553 637 2614 Accedit
658 2552 705 2613 his
728 2554 905 2632 declaratio,
927 2573 1017 2635 quam
1040 2552 1133 2617 refert

121 2633 286 2699 Gollcmort
305 2637 339 2700 in
360 2635 443 2701 Trid.
462 2655 532 2701 sess.
556 2640 606 2699 tn.
621 2640 709 2700 Decr.
728 2638 764 2701 de
784 2639 846 2703 obs.
861 2648 914 2703 ete.
933 2658 1018 2703 uum.
1032 2642 1062 2701 6.
1078 2640 1132 2702 ubi

97 2743 101 2754 ⁴
120 2721 231 2782 dictum
240 2724 313 2784 suite
324 2722 479 2784 Permittit
486 2722 630 2806 Pontifex
641 2724 799 2787 Ordiaora't‘
810 2725 952 2805 arbitrio,
965 2726 1134 2791 cereostato

119 2804 291 2886 personati,
313 2815 343 2867 et
365 2806 552 2886 infirmitatis
576 2806 721 2889 qualitate
741 2819 889 2892 pensato,
913 2806 949 2872 ut'
966 2828 1024 2891 pro
1044 2810 1134 2891 iufir-

119 2906 236 2950 morum
254 2889 457 2950 comawditotc
470 2892 561 2952 ctiam
580 2893 613 2952 iu
630 2896 750 2974 privato
762 2893 909 2971 oratorio,
927 2892 974 2953 uei
985 2890 1080 2955 ultori
1091 2893 1134 2957 od

120 2971 172 3040 doc
195 2971 334 3053 deputato
351 2972 525 3051 fucultatem
546 2971 713 3039 celebrandi
729 2976 875 3038 coacedet.
895 2977 977 3037 Idem
1000 2972 1135 3056 admittit

123 3056 210 3122 Cord.
225 3059 316 3118 Petro
331 3065 354 3117 t.
372 3060 403 3117 i.
429 3058 463 3118 ic
486 3060 610 3121 constit.
625 3063 654 3121 2.
669 3060 739 3121 Urb.
749 3062 796 3121 11.
810 3079 842 3119 u.
857 3061 906 3121 51.
923 3058 1024 3119 dicens
1051 3058 1133 3127 bene

120 3144 209 3207 licere
219 3143 360 3222 Episcopo
373 3149 549 3221 potestatem
563 3145 675 3219 tacere,
689 3153 723 3206 nt
741 3145 774 3205 in
794 3143 917 3222 alicujus
929 3142 1053 3221 insignis
1070 3147 1131 3208 viri

120 3229 225 3292 morbo
244 3228 404 3289 laborantis
423 3228 512 3290 domo
532 3230 628 3291 missae
645 3229 822 3291 sacrificium
845 3237 1022 3310 peragatur,
1043 3240 1078 3292 ut
1099 3242 1132 3295 el

119 3332 201 3380 sacro
220 3314 271 3375 ille
290 3314 426 3388 intersit,
445 3323 476 3373 et
495 3314 576 3377 saera
599 3314 749 3376 reficiatur
768 3315 989 3389 commuuione.
1009 3316 1135 3379 Accedit

120 3400 226 3474 etiam,
249 3398 330 3476 qubd
347 3397 499 3460 Honorius
518 3399 582 3461 m.
601 3396 635 3459 iu
652 3399 702 3460 cit.
724 3418 749 3461 c.
770 3402 809 3461 lc
830 3398 878 3463 liis
899 3401 949 3461 50.
970 3398 1005 3461 de
1023 3396 1129 3483 privil.

120 3482 210 3539 verba
228 3483 336 3542 faciens
355 3484 393 3545 de
412 3486 538 3547 licentiis
557 3486 745 3559 celebrandi,
764 3486 855 3547 lassus
876 3495 920 3547 est
939 3486 972 3546 in
993 3484 1047 3546 lruc
1066 3504 1131 3547 rnre

120 3560 194 3649 “321³
203 3601 212 3629 a
222 3560 377 3639 ὗθηίῳιατη
383 3568 486 3647 portas
496 3568 767 3653 interpretationem
779 3570 947 3652 sociandum
955 3587 1025 3631 esse.
1034 3571 1130 3649 Atque

78 3662 81 3666 ·
120 3654 146 3695 sr
162 3636 223 3698 haeu
243 3641 361 3705 licentia
381 3654 508 3713 concedi·
522 3664 619 3733 potest
641 3657 678 3719 ab
694 3658 843 3738 Episcopis
864 3674 918 3738 pro
940 3656 1127 3719 saecularibus
