<?xml version="1.0" encoding="UTF-8"?>
<!DOCTYPE html PUBLIC "-//W3C//DTD XHTML 1.0 Transitional//EN"
    "http://www.w3.org/TR/xhtml1/DTD/xhtml1-transitional.dtd">
<html xmlns="http://www.w3.org/1999/xhtml" xml:lang="en" lang="en">
 <head>
  <title>
</title>
<meta http-equiv="Content-Type" content="text/html;charset=utf-8" />
  <meta name='ocr-system' content='tesseract 3.04.00' />
  <meta name='ocr-capabilities' content='ocr_page ocr_carea ocr_par ocr_line ocrx_word'/>
</head>
<body>
  <div class='ocr_page' id='page_1' title='image "./theologiamorali00heilgoog_0366.png"; bbox 0 0 2450 3975; ppageno 0'>
   <div class='ocr_carea' id='block_1_1' title="bbox 133 216 895 303">
    <p class='ocr_par' dir='ltr' id='par_1_1' title="bbox 133 216 895 303">
     <span class='ocr_line' id='line_1_1' title="bbox 133 216 895 303; baseline -0.001 -20"><span class='ocrx_word' id='word_1_1' title='bbox 133 220 193 283; x_wconf 73' lang='lat' dir='ltr'><strong>tte</strong></span> <span class='ocrx_word' id='word_1_2' title='bbox 371 216 437 283; x_wconf 80' lang='lat' dir='ltr'><strong>to.</strong></span> <span class='ocrx_word' id='word_1_3' title='bbox 452 221 484 283; x_wconf 85' lang='lat' dir='ltr'><strong>o.</strong></span> <span class='ocrx_word' id='word_1_4' title='bbox 503 220 600 283; x_wconf 73' lang='lat' dir='ltr'><strong>meet.</strong></span> <span class='ocrx_word' id='word_1_5' title='bbox 611 221 643 282; x_wconf 77' lang='lat' dir='ltr'><strong>l.</strong></span> <span class='ocrx_word' id='word_1_6' title='bbox 655 218 895 303; x_wconf 80' lang='lat' dir='ltr'><strong>Drpaeuiteutio.</strong></span> 
     </span>
    </p>
   </div>
   <div class='ocr_carea' id='block_1_2' title="bbox 84 319 1147 3186">
    <p class='ocr_par' dir='ltr' id='par_1_2' title="bbox 84 319 1147 3186">
     <span class='ocr_line' id='line_1_2' title="bbox 134 319 1147 401; baseline 0.001 -20"><span class='ocrx_word' id='word_1_7' title='bbox 134 326 210 383; x_wconf 87' lang='lat' dir='ltr'><strong>eato.</strong></span> <span class='ocrx_word' id='word_1_8' title='bbox 227 322 371 385; x_wconf 76' lang='lat' dir='ltr'><strong>Preterea</strong></span> <span class='ocrx_word' id='word_1_9' title='bbox 382 364 391 395; x_wconf 89' lang='lat'>‚</span> <span class='ocrx_word' id='word_1_10' title='bbox 403 320 473 385; x_wconf 84' lang='lat' dir='ltr'><strong>uim</strong></span> <span class='ocrx_word' id='word_1_11' title='bbox 494 338 602 401; x_wconf 84' lang='lat' dir='ltr'><strong>pravus</strong></span> <span class='ocrx_word' id='word_1_12' title='bbox 623 319 742 382; x_wconf 87' lang='lat' dir='ltr'><strong>babitus</strong></span> <span class='ocrx_word' id='word_1_13' title='bbox 756 321 795 381; x_wconf 87' lang='lat' dir='ltr'><strong>sit</strong></span> <span class='ocrx_word' id='word_1_14' title='bbox 811 320 885 399; x_wconf 79' lang='lat' dir='ltr'><strong>quid</strong></span> <span class='ocrx_word' id='word_1_15' title='bbox 903 320 1099 383; x_wconf 84' lang='lat' dir='ltr'><strong>intrinsecum</strong></span> <span class='ocrx_word' id='word_1_16' title='bbox 1115 327 1147 381; x_wconf 89' lang='lat' dir='ltr'><strong>et</strong></span> 
     </span>
     <span class='ocr_line' id='line_1_3' title="bbox 135 402 1146 485; baseline 0.002 -20"><span class='ocrx_word' id='word_1_17' title='bbox 135 404 330 485; x_wconf 74' lang='lat' dir='ltr'><strong>inseparabile</strong></span> <span class='ocrx_word' id='word_1_18' title='bbox 353 404 371 469; x_wconf 82' lang='lat' dir='ltr'><strong>b</strong></span> <span class='ocrx_word' id='word_1_19' title='bbox 399 422 545 485; x_wconf 86' lang='lat' dir='ltr'><strong>persona,</strong></span> <span class='ocrx_word' id='word_1_20' title='bbox 574 405 732 483; x_wconf 83' lang='lat' dir='ltr'><strong>extirpatio</strong></span> <span class='ocrx_word' id='word_1_21' title='bbox 757 402 877 465; x_wconf 78' lang='lat' dir='ltr'><strong>habitos</strong></span> <span class='ocrx_word' id='word_1_22' title='bbox 905 404 1033 479; x_wconf 85' lang='lat' dir='ltr'><strong>mimis,</strong></span> <span class='ocrx_word' id='word_1_23' title='bbox 1054 404 1146 485; x_wconf 76' lang='lat' dir='ltr'><strong>quim</strong></span> 
     </span>
     <span class='ocr_line' id='line_1_4' title="bbox 134 487 1147 571; baseline 0 -22"><span class='ocrx_word' id='word_1_24' title='bbox 134 490 260 550; x_wconf 85' lang='lat' dir='ltr'><strong>remotio</strong></span> <span class='ocrx_word' id='word_1_25' title='bbox 273 490 449 563; x_wconf 72' lang='lat' dir='ltr'><strong>occasionis,</strong></span> <span class='ocrx_word' id='word_1_26' title='bbox 462 488 571 571; x_wconf 78' lang='lat' dir='ltr'><strong>pendet</strong></span> <span class='ocrx_word' id='word_1_27' title='bbox 584 487 732 569; x_wconf 81' lang='lat' dir='ltr'><strong>ipropria</strong></span> <span class='ocrx_word' id='word_1_28' title='bbox 743 490 914 565; x_wconf 79' lang='lat' dir='ltr'><strong>voluntate3</strong></span> <span class='ocrx_word' id='word_1_29' title='bbox 929 498 960 550; x_wconf 87' lang='lat' dir='ltr'><strong>et</strong></span> <span class='ocrx_word' id='word_1_30' title='bbox 970 489 1038 551; x_wconf 88' lang='lat' dir='ltr'><strong>ideo</strong></span> <span class='ocrx_word' id='word_1_31' title='bbox 1051 490 1147 568; x_wconf 75' lang='lat' dir='ltr'><strong>magia</strong></span> 
     </span>
     <span class='ocr_line' id='line_1_5' title="bbox 133 573 1146 654; baseline 0.001 -22"><span class='ocrx_word' id='word_1_32' title='bbox 133 574 332 653; x_wconf 81' lang='lat' dir='ltr'><strong>sperandum,</strong></span> <span class='ocrx_word' id='word_1_33' title='bbox 353 576 435 649; x_wconf 84' lang='lat' dir='ltr'><strong>lore,</strong></span> <span class='ocrx_word' id='word_1_34' title='bbox 457 582 492 635; x_wconf 89' lang='lat' dir='ltr'><strong>ut</strong></span> <span class='ocrx_word' id='word_1_35' title='bbox 514 575 593 633; x_wconf 87' lang='lat' dir='ltr'><strong>Deus</strong></span> <span class='ocrx_word' id='word_1_36' title='bbox 618 573 727 633; x_wconf 90' lang='lat' dir='ltr'><strong>bonam</strong></span> <span class='ocrx_word' id='word_1_37' title='bbox 748 574 932 635; x_wconf 72' lang='lat' dir='ltr'><strong>uoluntatem</strong></span> <span class='ocrx_word' id='word_1_38' title='bbox 955 592 1009 654; x_wconf 87' lang='lat' dir='ltr'><strong>per</strong></span> <span class='ocrx_word' id='word_1_39' title='bbox 1030 574 1146 653; x_wconf 72' lang='lat' dir='ltr'><strong>maiora</strong></span> 
     </span>
     <span class='ocr_line' id='line_1_6' title="bbox 134 656 1147 738; baseline 0.001 -20"><span class='ocrx_word' id='word_1_40' title='bbox 134 658 244 720; x_wconf 81' lang='lat' dir='ltr'><strong>anxilio</strong></span> <span class='ocrx_word' id='word_1_41' title='bbox 263 658 383 737; x_wconf 83' lang='lat' dir='ltr'><strong>adjuret</strong></span> <span class='ocrx_word' id='word_1_42' title='bbox 403 658 441 719; x_wconf 88' lang='lat' dir='ltr'><strong>ad</strong></span> <span class='ocrx_word' id='word_1_43' title='bbox 458 656 718 737; x_wconf 87' lang='lat' dir='ltr'><strong>perseverandum.</strong></span> <span class='ocrx_word' id='word_1_44' title='bbox 728 657 780 717; x_wconf 89' lang='lat' dir='ltr'><strong>llis</strong></span> <span class='ocrx_word' id='word_1_45' title='bbox 798 657 921 738; x_wconf 86' lang='lat' dir='ltr'><strong>positis,</strong></span> <span class='ocrx_word' id='word_1_46' title='bbox 939 658 1147 737; x_wconf 73' lang='lat' dir='ltr'><strong>imprudenter</strong></span> 
     </span>
     <span class='ocr_line' id='line_1_7' title="bbox 117 742 1147 830; baseline -0.002 -25"><span class='ocrx_word' id='word_1_47' title='bbox 117 744 196 830; x_wconf 52' lang='lat' dir='ltr'><strong>‚agit</strong></span> <span class='ocrx_word' id='word_1_48' title='bbox 207 744 419 817; x_wconf 66' lang='lat' dir='ltr'><strong>remesarius,</strong></span> <span class='ocrx_word' id='word_1_49' title='bbox 435 743 459 803; x_wconf 89' lang='lat' dir='ltr'><strong>si</strong></span> <span class='ocrx_word' id='word_1_50' title='bbox 470 742 596 803; x_wconf 87' lang='lat' dir='ltr'><strong>absolvit</strong></span> <span class='ocrx_word' id='word_1_51' title='bbox 614 759 684 803; x_wconf 92' lang='lat' dir='ltr'><strong>eum</strong></span> <span class='ocrx_word' id='word_1_52' title='bbox 700 742 753 821; x_wconf 88' lang='lat' dir='ltr'><strong>qui</strong></span> <span class='ocrx_word' id='word_1_53' title='bbox 766 742 857 803; x_wconf 83' lang='lat' dir='ltr'><strong>estin</strong></span> <span class='ocrx_word' id='word_1_54' title='bbox 870 743 1019 805; x_wconf 87' lang='lat' dir='ltr'><strong>ooeasione</strong></span> <span class='ocrx_word' id='word_1_55' title='bbox 1030 745 1147 804; x_wconf 84' lang='lat' dir='ltr'><strong>extrin-</strong></span> 
     </span>
     <span class='ocr_line' id='line_1_8' title="bbox 134 824 1147 907; baseline -0.001 -19"><span class='ocrx_word' id='word_1_56' title='bbox 134 844 217 901; x_wconf 80' lang='lat' dir='ltr'><strong>seca,</strong></span> <span class='ocrx_word' id='word_1_57' title='bbox 230 828 334 890; x_wconf 82' lang='lat' dir='ltr'><strong>saltem</strong></span> <span class='ocrx_word' id='word_1_58' title='bbox 349 836 507 906; x_wconf 85' lang='lat' dir='ltr'><strong>antequam</strong></span> <span class='ocrx_word' id='word_1_59' title='bbox 519 826 692 904; x_wconf 74' lang='lat' dir='ltr'><strong>experiatur</strong></span> <span class='ocrx_word' id='word_1_60' title='bbox 702 824 783 905; x_wconf 88' lang='lat' dir='ltr'><strong>qobd</strong></span> <span class='ocrx_word' id='word_1_61' title='bbox 798 826 849 887; x_wconf 87' lang='lat' dir='ltr'><strong>ille</strong></span> <span class='ocrx_word' id='word_1_62' title='bbox 860 827 1022 907; x_wconf 77' lang='lat' dir='ltr'><strong>perfugam</strong></span> <span class='ocrx_word' id='word_1_63' title='bbox 1039 827 1147 888; x_wconf 88' lang='lat' dir='ltr'><strong>reddat</strong></span> 
     </span>
     <span class='ocr_line' id='line_1_9' title="bbox 135 908 1146 989; baseline 0 -16"><span class='ocrx_word' id='word_1_64' title='bbox 135 911 300 989; x_wconf 84' lang='lat' dir='ltr'><strong>perieulum</strong></span> <span class='ocrx_word' id='word_1_65' title='bbox 316 920 485 988; x_wconf 79' lang='lat' dir='ltr'><strong>remotum3</strong></span> <span class='ocrx_word' id='word_1_66' title='bbox 505 928 573 970; x_wconf 83' lang='lat' dir='ltr'><strong>num</strong></span> <span class='ocrx_word' id='word_1_67' title='bbox 600 908 671 969; x_wconf 81' lang='lat' dir='ltr'><strong>nlils</strong></span> <span class='ocrx_word' id='word_1_68' title='bbox 689 928 758 971; x_wconf 91' lang='lat' dir='ltr'><strong>eum</strong></span> <span class='ocrx_word' id='word_1_69' title='bbox 777 910 920 989; x_wconf 79' lang='lat' dir='ltr'><strong>relinquit</strong></span> <span class='ocrx_word' id='word_1_70' title='bbox 941 911 974 971; x_wconf 91' lang='lat' dir='ltr'><strong>in</strong></span> <span class='ocrx_word' id='word_1_71' title='bbox 997 910 1146 989; x_wconf 75' lang='lat' dir='ltr'><strong>probabili</strong></span> 
     </span>
     <span class='ocr_line' id='line_1_10' title="bbox 135 992 1147 1075; baseline -0.002 -16"><span class='ocrx_word' id='word_1_72' title='bbox 135 996 266 1075; x_wconf 79' lang='lat' dir='ltr'><strong>periculo</strong></span> <span class='ocrx_word' id='word_1_73' title='bbox 278 995 457 1073; x_wconf 76' lang='lat' dir='ltr'><strong>infringendi</strong></span> <span class='ocrx_word' id='word_1_74' title='bbox 470 994 657 1075; x_wconf 86' lang='lat' dir='ltr'><strong>propositum</strong></span> <span class='ocrx_word' id='word_1_75' title='bbox 667 1038 675 1065; x_wconf 82' lang='grc'><em>,</em></span> <span class='ocrx_word' id='word_1_76' title='bbox 686 992 723 1055; x_wconf 87' lang='lat' dir='ltr'><strong>eb</strong></span> <span class='ocrx_word' id='word_1_77' title='bbox 733 992 814 1071; x_wconf 88' lang='lat' dir='ltr'><strong>qubd</strong></span> <span class='ocrx_word' id='word_1_78' title='bbox 834 995 900 1055; x_wconf 86' lang='lat' dir='ltr'><strong>talis</strong></span> <span class='ocrx_word' id='word_1_79' title='bbox 915 995 1061 1074; x_wconf 70' lang='lat' dir='ltr'><strong>poenitens</strong></span> <span class='ocrx_word' id='word_1_80' title='bbox 1077 1004 1147 1075; x_wconf 84' lang='lat' dir='ltr'><strong>post</strong></span> 
     </span>
     <span class='ocr_line' id='line_1_11' title="bbox 135 1077 1146 1157; baseline 0 -16"><span class='ocrx_word' id='word_1_81' title='bbox 135 1080 285 1141; x_wconf 90' lang='lat' dir='ltr'><strong>obtentam</strong></span> <span class='ocrx_word' id='word_1_82' title='bbox 295 1080 510 1141; x_wconf 88' lang='lat' dir='ltr'><strong>absolutionem</strong></span> <span class='ocrx_word' id='word_1_83' title='bbox 522 1077 607 1139; x_wconf 77' lang='lat' dir='ltr'><strong>tuelle</strong></span> <span class='ocrx_word' id='word_1_84' title='bbox 626 1079 755 1157; x_wconf 74' lang='lat' dir='ltr'><strong>negliget</strong></span> <span class='ocrx_word' id='word_1_85' title='bbox 766 1080 866 1157; x_wconf 81' lang='lat' dir='ltr'><strong>sugam</strong></span> <span class='ocrx_word' id='word_1_86' title='bbox 885 1077 1048 1141; x_wconf 80' lang='lat' dir='ltr'><strong>necessario</strong></span> <span class='ocrx_word' id='word_1_87' title='bbox 1059 1080 1146 1141; x_wconf 88' lang='lat' dir='ltr'><strong>adbi-</strong></span> 
     </span>
     <span class='ocr_line' id='line_1_12' title="bbox 134 1162 1146 1242; baseline 0.004 -19"><span class='ocrx_word' id='word_1_88' title='bbox 134 1162 282 1237; x_wconf 79' lang='lat' dir='ltr'><strong>bendam,</strong></span> <span class='ocrx_word' id='word_1_89' title='bbox 297 1173 328 1226; x_wconf 88' lang='lat' dir='ltr'><strong>et</strong></span> <span class='ocrx_word' id='word_1_90' title='bbox 349 1164 470 1225; x_wconf 85' lang='lat' dir='ltr'><strong>sicsine</strong></span> <span class='ocrx_word' id='word_1_91' title='bbox 489 1163 582 1224; x_wconf 90' lang='lat' dir='ltr'><strong>dubio</strong></span> <span class='ocrx_word' id='word_1_92' title='bbox 603 1164 765 1225; x_wconf 78' lang='lat' dir='ltr'><strong>relabetur.</strong></span> <span class='ocrx_word' id='word_1_93' title='bbox 779 1164 802 1222; x_wconf 87' lang='lat' dir='ltr'><strong>ll</strong></span> <span class='ocrx_word' id='word_1_94' title='bbox 816 1181 958 1225; x_wconf 82' lang='lat' dir='ltr'><strong>converso</strong></span> <span class='ocrx_word' id='word_1_95' title='bbox 980 1163 1146 1242; x_wconf 88' lang='lat' dir='ltr'><strong>prudenter</strong></span> 
     </span>
     <span class='ocr_line' id='line_1_13' title="bbox 134 1246 1145 1327; baseline 0.006 -21"><span class='ocrx_word' id='word_1_96' title='bbox 134 1246 297 1309; x_wconf 86' lang='lat' dir='ltr'><strong>absolvitur</strong></span> <span class='ocrx_word' id='word_1_97' title='bbox 308 1248 455 1310; x_wconf 81' lang='lat' dir='ltr'><strong>recidivus</strong></span> <span class='ocrx_word' id='word_1_98' title='bbox 467 1266 503 1309; x_wconf 82' lang='lat' dir='ltr'><strong>ex</strong></span> <span class='ocrx_word' id='word_1_99' title='bbox 519 1264 603 1307; x_wconf 84' lang='lat' dir='ltr'><strong>eausa</strong></span> <span class='ocrx_word' id='word_1_100' title='bbox 621 1247 800 1320; x_wconf 77' lang='lat' dir='ltr'><strong>intrinseca,</strong></span> <span class='ocrx_word' id='word_1_101' title='bbox 818 1248 842 1306; x_wconf 86' lang='lat' dir='ltr'><strong>si</strong></span> <span class='ocrx_word' id='word_1_102' title='bbox 853 1246 922 1309; x_wconf 78' lang='lat' dir='ltr'><strong>veri</strong></span> <span class='ocrx_word' id='word_1_103' title='bbox 932 1248 1145 1327; x_wconf 84' lang='lat' dir='ltr'><strong>estdispositua</strong></span> 
     </span>
     <span class='ocr_line' id='line_1_14' title="bbox 134 1330 1144 1413; baseline 0.001 -19"><span class='ocrx_word' id='word_1_104' title='bbox 134 1348 189 1413; x_wconf 90' lang='lat' dir='ltr'><strong>per</strong></span> <span class='ocrx_word' id='word_1_105' title='bbox 206 1334 326 1413; x_wconf 78' lang='lat' dir='ltr'><strong>signum</strong></span> <span class='ocrx_word' id='word_1_106' title='bbox 340 1331 607 1395; x_wconf 82' lang='lat' dir='ltr'><strong>extraordinarium</strong></span> <span class='ocrx_word' id='word_1_107' title='bbox 625 1330 757 1409; x_wconf 86' lang='lat' dir='ltr'><strong>doloris;</strong></span> <span class='ocrx_word' id='word_1_108' title='bbox 774 1331 843 1410; x_wconf 90' lang='lat' dir='ltr'><strong>quia</strong></span> <span class='ocrx_word' id='word_1_109' title='bbox 862 1332 1028 1410; x_wconf 87' lang='lat' dir='ltr'><strong>perieulum</strong></span> <span class='ocrx_word' id='word_1_110' title='bbox 1053 1334 1086 1394; x_wconf 88' lang='lat' dir='ltr'><strong>in</strong></span> <span class='ocrx_word' id='word_1_111' title='bbox 1105 1352 1144 1395; x_wconf 87' lang='lat' dir='ltr'><strong>eo</strong></span> 
     </span>
     <span class='ocr_line' id='line_1_15' title="bbox 134 1414 1144 1498; baseline 0.004 -21"><span class='ocrx_word' id='word_1_112' title='bbox 134 1416 315 1496; x_wconf 78' lang='lat' dir='ltr'><strong>infringendi</strong></span> <span class='ocrx_word' id='word_1_113' title='bbox 335 1418 520 1498; x_wconf 87' lang='lat' dir='ltr'><strong>propositum</strong></span> <span class='ocrx_word' id='word_1_114' title='bbox 531 1425 576 1477; x_wconf 85' lang='lat' dir='ltr'><strong>est</strong></span> <span class='ocrx_word' id='word_1_115' title='bbox 590 1416 683 1494; x_wconf 78' lang='lat' dir='ltr'><strong>magis</strong></span> <span class='ocrx_word' id='word_1_116' title='bbox 691 1425 856 1488; x_wconf 89' lang='lat' dir='ltr'><strong>remotum,</strong></span> <span class='ocrx_word' id='word_1_117' title='bbox 867 1414 934 1476; x_wconf 84' lang='lat' dir='ltr'><strong>etim</strong></span> <span class='ocrx_word' id='word_1_118' title='bbox 941 1435 978 1478; x_wconf 84' lang='lat' dir='ltr'><strong>ox</strong></span> <span class='ocrx_word' id='word_1_119' title='bbox 987 1435 1048 1477; x_wconf 89' lang='lat' dir='ltr'><strong>una</strong></span> <span class='ocrx_word' id='word_1_120' title='bbox 1058 1428 1144 1495; x_wconf 83' lang='lat' dir='ltr'><strong>parte</strong></span> 
     </span>
     <span class='ocr_line' id='line_1_16' title="bbox 133 1499 1143 1579; baseline 0.002 -18"><span class='ocrx_word' id='word_1_121' title='bbox 133 1518 195 1561; x_wconf 94' lang='lat' dir='ltr'><strong>non</strong></span> <span class='ocrx_word' id='word_1_122' title='bbox 207 1502 283 1562; x_wconf 89' lang='lat' dir='ltr'><strong>adsit</strong></span> <span class='ocrx_word' id='word_1_123' title='bbox 297 1518 380 1563; x_wconf 84' lang='lat' dir='ltr'><strong>causo</strong></span> <span class='ocrx_word' id='word_1_124' title='bbox 392 1502 552 1563; x_wconf 81' lang='lat' dir='ltr'><strong>extrinseca</strong></span> <span class='ocrx_word' id='word_1_125' title='bbox 571 1499 608 1558; x_wconf 91' lang='lat' dir='ltr'><strong>ad</strong></span> <span class='ocrx_word' id='word_1_126' title='bbox 628 1507 779 1579; x_wconf 84' lang='lat' dir='ltr'><strong>peecatum</strong></span> <span class='ocrx_word' id='word_1_127' title='bbox 791 1500 963 1579; x_wconf 89' lang='lat' dir='ltr'><strong>impellens,</strong></span> <span class='ocrx_word' id='word_1_128' title='bbox 979 1510 1012 1561; x_wconf 92' lang='lat' dir='ltr'><strong>et</strong></span> <span class='ocrx_word' id='word_1_129' title='bbox 1029 1520 1067 1562; x_wconf 81' lang='lat' dir='ltr'><strong>ex</strong></span> <span class='ocrx_word' id='word_1_130' title='bbox 1083 1503 1143 1564; x_wconf 83' lang='lat' dir='ltr'><strong>ulia</strong></span> 
     </span>
     <span class='ocr_line' id='line_1_17' title="bbox 133 1582 1143 1667; baseline -0.001 -20"><span class='ocrx_word' id='word_1_131' title='bbox 133 1584 246 1665; x_wconf 84' lang='lat' dir='ltr'><strong>majora</strong></span> <span class='ocrx_word' id='word_1_132' title='bbox 259 1588 338 1647; x_wconf 84' lang='lat' dir='ltr'><strong>Deus</strong></span> <span class='ocrx_word' id='word_1_133' title='bbox 352 1584 495 1665; x_wconf 74' lang='lat' dir='ltr'><strong>prebebit</strong></span> <span class='ocrx_word' id='word_1_134' title='bbox 512 1584 621 1645; x_wconf 84' lang='lat' dir='ltr'><strong>auxilia</strong></span> <span class='ocrx_word' id='word_1_135' title='bbox 637 1584 793 1662; x_wconf 75' lang='lat' dir='ltr'><strong>poenitenti</strong></span> <span class='ocrx_word' id='word_1_136' title='bbox 806 1582 842 1645; x_wconf 89' lang='lat' dir='ltr'><strong>ad</strong></span> <span class='ocrx_word' id='word_1_137' title='bbox 854 1585 1062 1665; x_wconf 86' lang='lat' dir='ltr'><strong>extirpandum</strong></span> <span class='ocrx_word' id='word_1_138' title='bbox 1073 1604 1143 1667; x_wconf 88' lang='lat' dir='ltr'><strong>pra·</strong></span> 
     </span>
     <span class='ocr_line' id='line_1_18' title="bbox 132 1667 1143 1748; baseline -0.001 -17"><span class='ocrx_word' id='word_1_139' title='bbox 132 1684 205 1731; x_wconf 88' lang='lat' dir='ltr'><strong>vum</strong></span> <span class='ocrx_word' id='word_1_140' title='bbox 218 1668 371 1743; x_wconf 81' lang='lat' dir='ltr'><strong>habitum,</strong></span> <span class='ocrx_word' id='word_1_141' title='bbox 390 1670 442 1748; x_wconf 89' lang='lat' dir='ltr'><strong>qni</strong></span> <span class='ocrx_word' id='word_1_142' title='bbox 461 1668 517 1747; x_wconf 92' lang='lat' dir='ltr'><strong>ipsi</strong></span> <span class='ocrx_word' id='word_1_143' title='bbox 532 1667 646 1727; x_wconf 90' lang='lat' dir='ltr'><strong>nolenti</strong></span> <span class='ocrx_word' id='word_1_144' title='bbox 660 1686 693 1727; x_wconf 86' lang='lat' dir='ltr'><strong>oe</strong></span> <span class='ocrx_word' id='word_1_145' title='bbox 704 1667 859 1731; x_wconf 80' lang='lat' dir='ltr'><strong>detestanti</strong></span> <span class='ocrx_word' id='word_1_146' title='bbox 876 1669 970 1747; x_wconf 84' lang='lat' dir='ltr'><strong>inest;</strong></span> <span class='ocrx_word' id='word_1_147' title='bbox 983 1667 1056 1731; x_wconf 92' lang='lat' dir='ltr'><strong>hine</strong></span> <span class='ocrx_word' id='word_1_148' title='bbox 1077 1688 1143 1730; x_wconf 82' lang='lat' dir='ltr'><strong>ma-</strong></span> 
     </span>
     <span class='ocr_line' id='line_1_19' title="bbox 133 1751 1143 1835; baseline 0.002 -20"><span class='ocrx_word' id='word_1_149' title='bbox 133 1751 179 1835; x_wconf 69' lang='lat' dir='ltr'><strong>gis</strong></span> <span class='ocrx_word' id='word_1_150' title='bbox 199 1754 399 1834; x_wconf 84' lang='lat' dir='ltr'><strong>sperandum,</strong></span> <span class='ocrx_word' id='word_1_151' title='bbox 410 1754 490 1827; x_wconf 85' lang='lat' dir='ltr'><strong>iore,</strong></span> <span class='ocrx_word' id='word_1_152' title='bbox 504 1762 539 1813; x_wconf 92' lang='lat' dir='ltr'><strong>ut</strong></span> <span class='ocrx_word' id='word_1_153' title='bbox 556 1752 608 1813; x_wconf 90' lang='lat' dir='ltr'><strong>ille</strong></span> <span class='ocrx_word' id='word_1_154' title='bbox 630 1752 804 1815; x_wconf 88' lang='lat' dir='ltr'><strong>emendetur</strong></span> <span class='ocrx_word' id='word_1_155' title='bbox 814 1770 868 1833; x_wconf 89' lang='lat' dir='ltr'><strong>per</strong></span> <span class='ocrx_word' id='word_1_156' title='bbox 880 1753 1023 1815; x_wconf 84' lang='lat' dir='ltr'><strong>auxilinm</strong></span> <span class='ocrx_word' id='word_1_157' title='bbox 1038 1756 1143 1832; x_wconf 72' lang='lat' dir='ltr'><strong>gratie</strong></span> 
     </span>
     <span class='ocr_line' id='line_1_20' title="bbox 132 1835 1140 1919; baseline 0 -20"><span class='ocrx_word' id='word_1_158' title='bbox 132 1838 168 1899; x_wconf 88' lang='lat' dir='ltr'><strong>in</strong></span> <span class='ocrx_word' id='word_1_159' title='bbox 188 1848 372 1902; x_wconf 83' lang='lat' dir='ltr'><strong>sacramento</strong></span> <span class='ocrx_word' id='word_1_160' title='bbox 388 1844 547 1918; x_wconf 76' lang='lat' dir='ltr'><strong>suscepte,</strong></span> <span class='ocrx_word' id='word_1_161' title='bbox 569 1835 657 1919; x_wconf 77' lang='lat' dir='ltr'><strong>quim</strong></span> <span class='ocrx_word' id='word_1_162' title='bbox 677 1854 730 1917; x_wconf 90' lang='lat' dir='ltr'><strong>per</strong></span> <span class='ocrx_word' id='word_1_163' title='bbox 750 1836 922 1901; x_wconf 84' lang='lat' dir='ltr'><strong>dilationem</strong></span> <span class='ocrx_word' id='word_1_164' title='bbox 934 1836 1140 1899; x_wconf 84' lang='lat' dir='ltr'><strong>absolutionis.</strong></span> 
     </span>
     <span class='ocr_line' id='line_1_21' title="bbox 132 1917 1141 2018; baseline 0.001 -37"><span class='ocrx_word' id='word_1_165' title='bbox 132 1920 215 2000; x_wconf 76' lang='lat' dir='ltr'><strong>Sept</strong></span> <span class='ocrx_word' id='word_1_166' title='bbox 222 1920 315 2004; x_wconf 82' lang='lat' dir='ltr'><strong>juvat</strong></span> <span class='ocrx_word' id='word_1_167' title='bbox 333 1922 385 2006; x_wconf 79' lang='lat' dir='ltr'><strong>(nit</strong></span> <span class='ocrx_word' id='word_1_168' title='bbox 403 1923 506 1985; x_wconf 89' lang='lat' dir='ltr'><strong>doetus</strong></span> <span class='ocrx_word' id='word_1_169' title='bbox 525 1922 564 1987; x_wconf 85' lang='lat' dir='ltr'><strong>P.</strong></span> <span class='ocrx_word' id='word_1_170' title='bbox 579 1922 625 1983; x_wconf 83' lang='lat' dir='ltr'><strong>Lo</strong></span> <span class='ocrx_word' id='word_1_171' title='bbox 640 1917 746 1994; x_wconf 78' lang='lat' dir='ltr'><strong>croix,</strong></span> <span class='ocrx_word' id='word_1_172' title='bbox 767 1921 819 1998; x_wconf 90' lang='lat' dir='ltr'><strong>qui</strong></span> <span class='ocrx_word' id='word_1_173' title='bbox 840 1917 956 2018; x_wconf 64' lang='lat' dir='ltr'><strong>egregii</strong></span> <span class='ocrx_word' id='word_1_174' title='bbox 980 1928 1084 1981; x_wconf 78' lang='lat' dir='ltr'><strong>uastat</strong></span> <span class='ocrx_word' id='word_1_175' title='bbox 1101 1921 1141 1982; x_wconf 85' lang='lat' dir='ltr'><strong>de</strong></span> 
     </span>
     <span class='ocr_line' id='line_1_22' title="bbox 132 2001 1143 2088; baseline 0.001 -24"><span class='ocrx_word' id='word_1_176' title='bbox 132 2001 189 2064; x_wconf 89' lang='lat' dir='ltr'><strong>boe</strong></span> <span class='ocrx_word' id='word_1_177' title='bbox 203 2016 385 2068; x_wconf 87' lang='lat' dir='ltr'><strong>sacramento</strong></span> <span class='ocrx_word' id='word_1_178' title='bbox 397 2005 589 2084; x_wconf 76' lang='lat' dir='ltr'><strong>penitentie)</strong></span> <span class='ocrx_word' id='word_1_179' title='bbox 604 2001 727 2086; x_wconf 76' lang='lat' dir='ltr'><strong>relapsio</strong></span> <span class='ocrx_word' id='word_1_180' title='bbox 739 2001 903 2088; x_wconf 74' lang='lat' dir='ltr'><strong>absolutio,</strong></span> <span class='ocrx_word' id='word_1_181' title='bbox 927 2011 991 2067; x_wconf 84' lang='lat' dir='ltr'><strong>tum</strong></span> <span class='ocrx_word' id='word_1_182' title='bbox 1005 2003 1041 2066; x_wconf 89' lang='lat' dir='ltr'><strong>ob</strong></span> <span class='ocrx_word' id='word_1_183' title='bbox 1054 2005 1143 2065; x_wconf 74' lang='lat' dir='ltr'><strong>ouri·</strong></span> 
     </span>
     <span class='ocr_line' id='line_1_23' title="bbox 132 2083 1145 2171; baseline 0.005 -24"><span class='ocrx_word' id='word_1_184' title='bbox 132 2083 175 2147; x_wconf 87' lang='lat' dir='ltr'><strong>lio</strong></span> <span class='ocrx_word' id='word_1_185' title='bbox 184 2087 291 2168; x_wconf 76' lang='lat' dir='ltr'><strong>pretio</strong></span> <span class='ocrx_word' id='word_1_186' title='bbox 306 2104 373 2170; x_wconf 80' lang='lat' dir='ltr'><strong>pute</strong></span> <span class='ocrx_word' id='word_1_187' title='bbox 384 2088 498 2167; x_wconf 74' lang='lat' dir='ltr'><strong>confert</strong></span> <span class='ocrx_word' id='word_1_188' title='bbox 505 2095 745 2158; x_wconf 60' lang='lat' dir='ltr'><strong>sacromentum.</strong></span> <span class='ocrx_word' id='word_1_189' title='bbox 763 2085 907 2170; x_wconf 73' lang='lat' dir='ltr'><strong>atquibus</strong></span> <span class='ocrx_word' id='word_1_190' title='bbox 918 2096 1013 2171; x_wconf 80' lang='lat' dir='ltr'><strong>potest</strong></span> <span class='ocrx_word' id='word_1_191' title='bbox 1025 2088 1145 2152; x_wconf 82' lang='lat' dir='ltr'><strong>muniri</strong></span> 
     </span>
     <span class='ocr_line' id='line_1_24' title="bbox 131 2166 1142 2270; baseline 0.007 -39"><span class='ocrx_word' id='word_1_192' title='bbox 131 2166 300 2248; x_wconf 76' lang='lat' dir='ltr'><strong>absolutus,</strong></span> <span class='ocrx_word' id='word_1_193' title='bbox 314 2171 386 2253; x_wconf 85' lang='lat' dir='ltr'><strong>quia</strong></span> <span class='ocrx_word' id='word_1_194' title='bbox 397 2171 454 2270; x_wconf 86' lang='lat' dir='ltr'><strong>piu</strong></span> <span class='ocrx_word' id='word_1_195' title='bbox 473 2171 611 2232; x_wconf 79' lang='lat' dir='ltr'><strong>exercitio</strong></span> <span class='ocrx_word' id='word_1_196' title='bbox 624 2171 661 2234; x_wconf 80' lang='lat' dir='ltr'><strong>ab</strong></span> <span class='ocrx_word' id='word_1_197' title='bbox 673 2169 844 2252; x_wconf 79' lang='lat' dir='ltr'><strong>effiooeitute</strong></span> <span class='ocrx_word' id='word_1_198' title='bbox 859 2171 1037 2236; x_wconf 82' lang='lat' dir='ltr'><strong>soemmmti</strong></span> <span class='ocrx_word' id='word_1_199' title='bbox 1051 2172 1142 2238; x_wconf 81' lang='lat' dir='ltr'><strong>tate-</strong></span> 
     </span>
     <span class='ocr_line' id='line_1_25' title="bbox 131 2251 1143 2338; baseline 0.001 -20"><span class='ocrx_word' id='word_1_200' title='bbox 131 2252 207 2318; x_wconf 86' lang='lat' dir='ltr'><strong>buut</strong></span> <span class='ocrx_word' id='word_1_201' title='bbox 216 2255 358 2338; x_wconf 77' lang='lat' dir='ltr'><strong>ruojorem</strong></span> <span class='ocrx_word' id='word_1_202' title='bbox 372 2275 433 2318; x_wconf 85' lang='lat' dir='ltr'><strong>mm</strong></span> <span class='ocrx_word' id='word_1_203' title='bbox 445 2301 454 2332; x_wconf 90' lang='lat'>‚</span> <span class='ocrx_word' id='word_1_204' title='bbox 468 2261 614 2336; x_wconf 75' lang='lat' dir='ltr'><strong>,smulque</strong></span> <span class='ocrx_word' id='word_1_205' title='bbox 630 2258 693 2322; x_wconf 82' lang='lat' dir='ltr'><strong>Deo</strong></span> <span class='ocrx_word' id='word_1_206' title='bbox 704 2256 841 2335; x_wconf 81' lang='lat' dir='ltr'><strong>protioro</strong></span> <span class='ocrx_word' id='word_1_207' title='bbox 855 2264 884 2320; x_wconf 88' lang='lat' dir='ltr'><strong>et</strong></span> <span class='ocrx_word' id='word_1_208' title='bbox 895 2251 1057 2337; x_wconf 72' lang='lat' dir='ltr'><strong>efficaciora</strong></span> <span class='ocrx_word' id='word_1_209' title='bbox 1070 2301 1078 2330; x_wconf 91' lang='lat'><strong>‚</strong></span> <span class='ocrx_word' id='word_1_210' title='bbox 1091 2267 1143 2320; x_wconf 87' lang='lat' dir='ltr'><strong>ut-</strong></span> 
     </span>
     <span class='ocr_line' id='line_1_26' title="bbox 130 2338 1142 2424; baseline 0.003 -23"><span class='ocrx_word' id='word_1_211' title='bbox 130 2347 197 2424; x_wconf 87' lang='lat' dir='ltr'><strong>pote</strong></span> <span class='ocrx_word' id='word_1_212' title='bbox 209 2340 291 2420; x_wconf 81' lang='lat' dir='ltr'><strong>[oeto</strong></span> <span class='ocrx_word' id='word_1_213' title='bbox 302 2339 339 2403; x_wconf 85' lang='lat' dir='ltr'><strong>ab</strong></span> <span class='ocrx_word' id='word_1_214' title='bbox 355 2342 449 2404; x_wconf 82' lang='lat' dir='ltr'><strong>amieo</strong></span> <span class='ocrx_word' id='word_1_215' title='bbox 464 2338 541 2415; x_wconf 84' lang='lat' dir='ltr'><strong>Dei,</strong></span> <span class='ocrx_word' id='word_1_216' title='bbox 557 2347 585 2401; x_wconf 85' lang='lat' dir='ltr'><strong>et</strong></span> <span class='ocrx_word' id='word_1_217' title='bbox 609 2357 646 2401; x_wconf 81' lang='lat' dir='ltr'><strong>ex</strong></span> <span class='ocrx_word' id='word_1_218' title='bbox 661 2339 847 2404; x_wconf 82' lang='lat' dir='ltr'><strong>institutione</strong></span> <span class='ocrx_word' id='word_1_219' title='bbox 868 2338 978 2406; x_wconf 71' lang='lat' dir='ltr'><strong>Christi</strong></span> <span class='ocrx_word' id='word_1_220' title='bbox 988 2338 1082 2402; x_wconf 78' lang='lat' dir='ltr'><strong>inerit</strong></span> <span class='ocrx_word' id='word_1_221' title='bbox 1097 2341 1142 2404; x_wconf 81' lang='lat' dir='ltr'><strong>eis</strong></span> 
     </span>
     <span class='ocr_line' id='line_1_27' title="bbox 130 2421 1142 2594; baseline 0.004 -23"><span class='ocrx_word' id='word_1_222' title='bbox 130 2423 965 2593; x_wconf 59' lang='lat' dir='ltr'><strong>tlt”lttllltl&#39;ltilltll&#39;lttt‘lw</strong></span> <span class='ocrx_word' id='word_1_223' title='bbox 975 2421 1142 2594; x_wconf 71' lang='grc'>505555</span> 
     </span>
     <span class='ocr_line' id='line_1_28' title="bbox 440 2554 1026 2586; baseline 0.005 -3"><span class='ocrx_word' id='word_1_224' title='bbox 440 2556 448 2583; x_wconf 81' lang='lat' dir='ltr'><strong>t</strong></span> <span class='ocrx_word' id='word_1_225' title='bbox 952 2555 964 2586; x_wconf 75' lang='lat'><em>2</em></span> <span class='ocrx_word' id='word_1_226' title='bbox 1024 2554 1026 2557; x_wconf 76' lang='grc'>’</span> 
     </span>
     <span class='ocr_line' id='line_1_29' title="bbox 130 2591 1141 2674; baseline 0.004 -20"><span class='ocrx_word' id='word_1_227' title='bbox 130 2592 272 2667; x_wconf 80' lang='lat' dir='ltr'><strong>redeunt,</strong></span> <span class='ocrx_word' id='word_1_228' title='bbox 291 2593 341 2658; x_wconf 83' lang='lat' dir='ltr'><strong>sed</strong></span> <span class='ocrx_word' id='word_1_229' title='bbox 360 2593 524 2658; x_wconf 77' lang='lat' dir='ltr'><strong>redduntur</strong></span> <span class='ocrx_word' id='word_1_230' title='bbox 536 2591 687 2657; x_wconf 81' lang='lat' dir='ltr'><strong>obdurati.</strong></span> <span class='ocrx_word' id='word_1_231' title='bbox 702 2595 794 2674; x_wconf 92' lang='lat' dir='ltr'><strong>ldque</strong></span> <span class='ocrx_word' id='word_1_232' title='bbox 808 2594 942 2674; x_wconf 78' lang='lat' dir='ltr'><strong>expressi</strong></span> <span class='ocrx_word' id='word_1_233' title='bbox 957 2596 1141 2672; x_wconf 79' lang='lat' dir='ltr'><strong>approbetur</strong></span> 
     </span>
     <span class='ocr_line' id='line_1_30' title="bbox 129 2679 1142 2765; baseline 0.003 -25"><span class='ocrx_word' id='word_1_234' title='bbox 129 2679 146 2741; x_wconf 81' lang='lat' dir='ltr'><strong>i</strong></span> <span class='ocrx_word' id='word_1_235' title='bbox 161 2683 200 2743; x_wconf 85' lang='lat' dir='ltr'><strong>D.</strong></span> <span class='ocrx_word' id='word_1_236' title='bbox 218 2682 273 2744; x_wconf 80' lang='lat' dir='ltr'><strong>m.</strong></span> <span class='ocrx_word' id='word_1_237' title='bbox 286 2679 391 2765; x_wconf 87' lang='lat' dir='ltr'><strong>Suppl.</strong></span> <span class='ocrx_word' id='word_1_238' title='bbox 407 2701 438 2764; x_wconf 85' lang='lat' dir='ltr'><strong>q.</strong></span> <span class='ocrx_word' id='word_1_239' title='bbox 452 2685 501 2746; x_wconf 71' lang='lat' dir='ltr'><strong>tt.</strong></span> <span class='ocrx_word' id='word_1_240' title='bbox 512 2703 540 2744; x_wconf 87' lang='lat' dir='ltr'><strong>a.</strong></span> <span class='ocrx_word' id='word_1_241' title='bbox 555 2684 584 2744; x_wconf 93' lang='lat' dir='ltr'><strong>l.</strong></span> <span class='ocrx_word' id='word_1_242' title='bbox 601 2680 679 2743; x_wconf 79' lang='lat' dir='ltr'><strong>adl.</strong></span> <span class='ocrx_word' id='word_1_243' title='bbox 695 2684 746 2744; x_wconf 91' lang='lat' dir='ltr'><strong>ubi</strong></span> <span class='ocrx_word' id='word_1_244' title='bbox 760 2683 858 2760; x_wconf 90' lang='lat' dir='ltr'><strong>lnquit</strong></span> <span class='ocrx_word' id='word_1_245' title='bbox 869 2703 877 2741; x_wconf 73' lang='grc' dir='ltr'><strong>ι</strong></span> <span class='ocrx_word' id='word_1_246' title='bbox 889 2679 1142 2762; x_wconf 81' lang='lat' dir='ltr'><strong>Dicendumqudd</strong></span> 
     </span>
     <span class='ocr_line' id='line_1_31' title="bbox 130 2765 1138 2851; baseline 0.005 -27"><span class='ocrx_word' id='word_1_247' title='bbox 130 2765 229 2826; x_wconf 82' lang='lat' dir='ltr'><strong>mo&#39;m</strong></span> <span class='ocrx_word' id='word_1_248' title='bbox 247 2766 407 2829; x_wconf 83' lang='lat' dir='ltr'><strong>remedium</strong></span> <span class='ocrx_word' id='word_1_249' title='bbox 441 2766 565 2832; x_wconf 84' lang='lat' dir='ltr'><strong>raebetur</strong></span> <span class='ocrx_word' id='word_1_250' title='bbox 586 2775 689 2828; x_wconf 84' lang='lat' dir='ltr'><strong>coutro</strong></span> <span class='ocrx_word' id='word_1_251' title='bbox 705 2775 823 2851; x_wconf 76' lang='lat' dir='ltr'><strong>peccota</strong></span> <span class='ocrx_word' id='word_1_252' title='bbox 839 2765 963 2828; x_wconf 78' lang='lat' dir='ltr'><strong>vitando</strong></span> <span class='ocrx_word' id='word_1_253' title='bbox 976 2785 1013 2828; x_wconf 78' lang='lat' dir='ltr'><strong>ex</strong></span> <span class='ocrx_word' id='word_1_254' title='bbox 1023 2771 1138 2850; x_wconf 75' lang='lat' dir='ltr'><strong>pretio,</strong></span> 
     </span>
     <span class='ocr_line' id='line_1_32' title="bbox 130 2785 1140 2933; baseline 0.008 -26"><span class='ocrx_word' id='word_1_255' title='bbox 130 2785 218 2928; x_wconf 73' lang='lat' dir='ltr'><strong>qudm</strong></span> <span class='ocrx_word' id='word_1_256' title='bbox 231 2867 267 2909; x_wconf 82' lang='lat' dir='ltr'><strong>ex</strong></span> <span class='ocrx_word' id='word_1_257' title='bbox 285 2859 402 2911; x_wconf 79' lang='lat' dir='ltr'><strong>assuetu</strong></span> <span class='ocrx_word' id='word_1_258' title='bbox 425 2855 471 2913; x_wconf 83' lang='lat' dir='ltr'><strong>loe</strong></span> <span class='ocrx_word' id='word_1_259' title='bbox 488 2859 656 2914; x_wconf 79' lang='lat' dir='ltr'><strong>nostrorum</strong></span> <span class='ocrx_word' id='word_1_260' title='bbox 677 2869 809 2933; x_wconf 84' lang='lat' dir='ltr'><strong>operum.</strong></span> <span class='ocrx_word' id='word_1_261' title='bbox 833 2851 909 2911; x_wconf 89' lang='lat' dir='ltr'><strong>lline</strong></span> <span class='ocrx_word' id='word_1_262' title='bbox 927 2850 1006 2914; x_wconf 72' lang='lat' dir='ltr'><strong>reete</strong></span> <span class='ocrx_word' id='word_1_263' title='bbox 1033 2853 1140 2916; x_wconf 87' lang='lat' dir='ltr'><strong>dieunt</strong></span> 
     </span>
     <span class='ocr_line' id='line_1_33' title="bbox 128 2931 1140 3019; baseline 0.004 -23"><span class='ocrx_word' id='word_1_264' title='bbox 128 2932 221 2996; x_wconf 84' lang='lat' dir='ltr'><strong>Sulm.</strong></span> <span class='ocrx_word' id='word_1_265' title='bbox 239 2931 273 2995; x_wconf 85' lang='lat' dir='ltr'><strong>de</strong></span> <span class='ocrx_word' id='word_1_266' title='bbox 289 2935 392 3016; x_wconf 81' lang='lat' dir='ltr'><strong>pouit.</strong></span> <span class='ocrx_word' id='word_1_267' title='bbox 409 2955 435 2996; x_wconf 85' lang='lat' dir='ltr'><strong>c.</strong></span> <span class='ocrx_word' id='word_1_268' title='bbox 456 2939 484 2997; x_wconf 88' lang='lat' dir='ltr'><strong>li.</strong></span> <span class='ocrx_word' id='word_1_269' title='bbox 496 2955 531 3018; x_wconf 88' lang='lat' dir='ltr'><strong>p.</strong></span> <span class='ocrx_word' id='word_1_270' title='bbox 544 2939 574 2997; x_wconf 81' lang='lat' dir='ltr'><strong>l.</strong></span> <span class='ocrx_word' id='word_1_271' title='bbox 593 2955 625 2998; x_wconf 86' lang='lat' dir='ltr'><strong>u.</strong></span> <span class='ocrx_word' id='word_1_272' title='bbox 641 2938 689 3000; x_wconf 82' lang='lat'><strong>68.</strong></span> <span class='ocrx_word' id='word_1_273' title='bbox 712 2937 745 2997; x_wconf 86' lang='lat' dir='ltr'><strong>iu</strong></span> <span class='ocrx_word' id='word_1_274' title='bbox 762 2935 846 3017; x_wconf 74' lang='lat' dir='ltr'><strong>siue:</strong></span> <span class='ocrx_word' id='word_1_275' title='bbox 863 2937 924 2997; x_wconf 84' lang='lat' dir='ltr'><strong>Cur</strong></span> <span class='ocrx_word' id='word_1_276' title='bbox 939 2936 973 2999; x_wconf 87' lang='lat' dir='ltr'><strong>de</strong></span> <span class='ocrx_word' id='word_1_277' title='bbox 989 2947 1140 3019; x_wconf 81' lang='lat' dir='ltr'><strong>peccatore</strong></span> 
     </span>
     <span class='ocr_line' id='line_1_34' title="bbox 84 3015 1140 3102; baseline 0.005 -23"><span class='ocrx_word' id='word_1_278' title='bbox 84 3021 93 3041; x_wconf 83' lang='grc'><strong>“</strong></span> <span class='ocrx_word' id='word_1_279' title='bbox 129 3015 1140 3102; x_wconf 80' lang='lat' dir='ltr'><strong>uoubobeuteprotiomperdilutiouem‚qudmdemustitutoinomi-</strong></span> 
     </span>
     <span class='ocr_line' id='line_1_35' title="bbox 129 3099 1138 3186; baseline 0.005 -22"><span class='ocrx_word' id='word_1_280' title='bbox 129 3103 199 3165; x_wconf 79' lang='lat' dir='ltr'><strong>citio</strong></span> <span class='ocrx_word' id='word_1_281' title='bbox 211 3101 270 3164; x_wconf 85' lang='lat' dir='ltr'><strong>Dei</strong></span> <span class='ocrx_word' id='word_1_282' title='bbox 274 3120 329 3184; x_wconf 86' lang='lat' dir='ltr'><strong>per</strong></span> <span class='ocrx_word' id='word_1_283' title='bbox 344 3099 554 3164; x_wconf 78' lang='lat' dir='ltr'><strong>absolutionem</strong></span> <span class='ocrx_word' id='word_1_284' title='bbox 573 3100 678 3165; x_wconf 79' lang='lat' dir='ltr'><strong>melitis</strong></span> <span class='ocrx_word' id='word_1_285' title='bbox 725 3103 869 3166; x_wconf 79' lang='lat' dir='ltr'><strong>erundum</strong></span> <span class='ocrx_word' id='word_1_286' title='bbox 882 3111 944 3165; x_wconf 83' lang='lat' dir='ltr'><strong>est?</strong></span> <span class='ocrx_word' id='word_1_287' title='bbox 961 3107 998 3165; x_wconf 84' lang='lat' dir='ltr'><strong>Et</strong></span> <span class='ocrx_word' id='word_1_288' title='bbox 1012 3124 1138 3186; x_wconf 82' lang='lat' dir='ltr'><strong>praeser-</strong></span> 
     </span>
    </p>
   </div>
   <div class='ocr_carea' id='block_1_3' title="bbox 124 3185 1225 3690">
    <p class='ocr_par' dir='ltr' id='par_1_3' title="bbox 124 3185 1225 3690">
     <span class='ocr_line' id='line_1_36' title="bbox 129 3185 1134 3276; baseline 0.004 -28"><span class='ocrx_word' id='word_1_289' title='bbox 129 3187 184 3248; x_wconf 90' lang='lat' dir='ltr'><strong>tim</strong></span> <span class='ocrx_word' id='word_1_290' title='bbox 199 3186 295 3268; x_wconf 86' lang='lat' dir='ltr'><strong>quoad</strong></span> <span class='ocrx_word' id='word_1_291' title='bbox 308 3195 458 3276; x_wconf 78' lang='lat' dir='ltr'><strong>peecatum</strong></span> <span class='ocrx_word' id='word_1_292' title='bbox 470 3185 643 3265; x_wconf 87' lang='lat' dir='ltr'><strong>pollutionis</strong></span> <span class='ocrx_word' id='word_1_293' title='bbox 661 3192 702 3248; x_wconf 84' lang='lat' dir='ltr'><strong>To</strong></span> <span class='ocrx_word' id='word_1_294' title='bbox 715 3197 777 3250; x_wconf 82' lang='lat' dir='ltr'><strong>etus</strong></span> <span class='ocrx_word' id='word_1_295' title='bbox 785 3186 807 3249; x_wconf 95' lang='lat' dir='ltr'><strong>l.</strong></span> <span class='ocrx_word' id='word_1_296' title='bbox 822 3190 851 3249; x_wconf 84' lang='lat' dir='ltr'><strong>ll.</strong></span> <span class='ocrx_word' id='word_1_297' title='bbox 863 3208 888 3248; x_wconf 87' lang='lat' dir='ltr'><strong>e.</strong></span> <span class='ocrx_word' id='word_1_298' title='bbox 900 3190 949 3249; x_wconf 71' lang='lat' dir='ltr'><strong>ld.</strong></span> <span class='ocrx_word' id='word_1_299' title='bbox 963 3189 1005 3250; x_wconf 87' lang='lat' dir='ltr'><strong>sle</strong></span> <span class='ocrx_word' id='word_1_300' title='bbox 1017 3190 1134 3270; x_wconf 72' lang='lat' dir='ltr'><strong>inquitz</strong></span> 
     </span>
     <span class='ocr_line' id='line_1_37' title="bbox 134 3267 1138 3353; baseline 0.004 -21"><span class='ocrx_word' id='word_1_301' title='bbox 134 3269 192 3332; x_wconf 80' lang='lat' dir='ltr'><strong>Vin</strong></span> <span class='ocrx_word' id='word_1_302' title='bbox 202 3277 276 3351; x_wconf 90' lang='lat' dir='ltr'><strong>puto</strong></span> <span class='ocrx_word' id='word_1_303' title='bbox 294 3285 353 3332; x_wconf 73' lang='lat' dir='ltr'><strong>etse</strong></span> <span class='ocrx_word' id='word_1_304' title='bbox 365 3267 450 3330; x_wconf 84' lang='lat' dir='ltr'><strong>uliud</strong></span> <span class='ocrx_word' id='word_1_305' title='bbox 465 3267 569 3350; x_wconf 73' lang='lat' dir='ltr'><strong>officum</strong></span> <span class='ocrx_word' id='word_1_306' title='bbox 591 3270 750 3332; x_wconf 85' lang='lat' dir='ltr'><strong>remedium</strong></span> <span class='ocrx_word' id='word_1_307' title='bbox 762 3275 851 3353; x_wconf 76' lang='lat' dir='ltr'><strong>purim</strong></span> <span class='ocrx_word' id='word_1_308' title='bbox 865 3269 1138 3352; x_wconf 80' lang='lat' dir='ltr'><strong>frequentissimum</strong></span> 
     </span>
     <span class='ocr_line' id='line_1_38' title="bbox 126 3348 1138 3430; baseline 0.014 -21"><span class='ocrx_word' id='word_1_309' title='bbox 126 3348 334 3430; x_wconf 77' lang='lat' dir='ltr'><strong>consessionem</strong></span> <span class='ocrx_word' id='word_1_310' title='bbox 347 3351 481 3415; x_wconf 79' lang='lat' dir='ltr'><strong>odbiblre</strong></span> <span class='ocrx_word' id='word_1_311' title='bbox 491 3376 503 3428; x_wconf 90' lang='lat'><strong>,·</strong></span> <span class='ocrx_word' id='word_1_312' title='bbox 515 3361 558 3414; x_wconf 86' lang='lat' dir='ltr'><strong>est</strong></span> <span class='ocrx_word' id='word_1_313' title='bbox 572 3353 652 3414; x_wconf 87' lang='lat' dir='ltr'><strong>euim</strong></span> <span class='ocrx_word' id='word_1_314' title='bbox 663 3353 717 3414; x_wconf 84' lang='lat' dir='ltr'><strong>boe</strong></span> <span class='ocrx_word' id='word_1_315' title='bbox 728 3363 947 3416; x_wconf 74' lang='lat' dir='ltr'><strong>sacromentum</strong></span> <span class='ocrx_word' id='word_1_316' title='bbox 967 3355 1138 3423; x_wconf 76' lang='lat' dir='ltr'><strong>monimum</strong></span> 
     </span>
     <span class='ocr_line' id='line_1_39' title="bbox 125 3429 1225 3519; baseline 0.015 -33"><span class='ocrx_word' id='word_1_317' title='bbox 125 3429 276 3510; x_wconf 77' lang='lat' dir='ltr'><strong>frenum,</strong></span> <span class='ocrx_word' id='word_1_318' title='bbox 289 3444 318 3496; x_wconf 88' lang='lat' dir='ltr'><strong>et</strong></span> <span class='ocrx_word' id='word_1_319' title='bbox 331 3435 517 3515; x_wconf 82' lang='lat' dir='ltr'><strong>quiboeuou</strong></span> <span class='ocrx_word' id='word_1_320' title='bbox 534 3435 651 3511; x_wconf 81' lang='lat' dir='ltr'><strong>utitur,</strong></span> <span class='ocrx_word' id='word_1_321' title='bbox 673 3455 734 3498; x_wconf 86' lang='lat' dir='ltr'><strong>uou</strong></span> <span class='ocrx_word' id='word_1_322' title='bbox 757 3438 816 3500; x_wconf 88' lang='lat' dir='ltr'><strong>sibi</strong></span> <span class='ocrx_word' id='word_1_323' title='bbox 823 3437 979 3519; x_wconf 87' lang='lat' dir='ltr'><strong>promittat</strong></span> <span class='ocrx_word' id='word_1_324' title='bbox 997 3443 1139 3502; x_wconf 79' lang='lat' dir='ltr'><strong>ememta-</strong></span> <span class='ocrx_word' id='word_1_325' title='bbox 1224 3479 1225 3488; x_wconf 48' lang='lat'><strong>.</strong></span> 
     </span>
     <span class='ocr_line' id='line_1_40' title="bbox 127 3508 1139 3601; baseline 0.015 -29"><span class='ocrx_word' id='word_1_326' title='bbox 127 3508 233 3601; x_wconf 59' lang='lat' dir='ltr'><strong>tionem</strong></span> <span class='ocrx_word' id='word_1_327' title='bbox 246 3517 308 3576; x_wconf 83' lang='lat' dir='ltr'><strong>uisi</strong></span> <span class='ocrx_word' id='word_1_328' title='bbox 321 3535 378 3596; x_wconf 86' lang='lat' dir='ltr'><strong>per</strong></span> <span class='ocrx_word' id='word_1_329' title='bbox 391 3515 579 3580; x_wconf 82' lang='lat' dir='ltr'><strong>miraculum.</strong></span> <span class='ocrx_word' id='word_1_330' title='bbox 597 3523 718 3597; x_wconf 86' lang='lat' dir='ltr'><strong>lloeque</strong></span> <span class='ocrx_word' id='word_1_331' title='bbox 736 3521 868 3581; x_wconf 85' lang='lat' dir='ltr'><strong>remedio</strong></span> <span class='ocrx_word' id='word_1_332' title='bbox 887 3522 1052 3599; x_wconf 81' lang='lat' dir='ltr'><strong>frequentis</strong></span> <span class='ocrx_word' id='word_1_333' title='bbox 1064 3544 1139 3589; x_wconf 82' lang='lat' dir='ltr'><strong>oon·</strong></span> 
     </span>
     <span class='ocr_line' id='line_1_41' title="bbox 124 3586 1138 3690; baseline 0.03 -48"><span class='ocrx_word' id='word_1_334' title='bbox 124 3586 253 3652; x_wconf 70' lang='lat' dir='ltr'><strong>sessionis</strong></span> <span class='ocrx_word' id='word_1_335' title='bbox 266 3613 321 3672; x_wconf 84' lang='lat' dir='ltr'><strong>pro</strong></span> <span class='ocrx_word' id='word_1_336' title='bbox 331 3599 528 3665; x_wconf 78' lang='lat' dir='ltr'><strong>reddentibus</strong></span> <span class='ocrx_word' id='word_1_337' title='bbox 538 3603 570 3664; x_wconf 90' lang='lat' dir='ltr'><strong>in</strong></span> <span class='ocrx_word' id='word_1_338' title='bbox 582 3603 639 3665; x_wconf 82' lang='lat' dir='ltr'><strong>ule</strong></span> <span class='ocrx_word' id='word_1_339' title='bbox 649 3605 756 3666; x_wconf 83' lang='lat' dir='ltr'><strong>vitium</strong></span> <span class='ocrx_word' id='word_1_340' title='bbox 766 3605 890 3681; x_wconf 82' lang='lat' dir='ltr'><strong>legimus</strong></span> <span class='ocrx_word' id='word_1_341' title='bbox 902 3606 944 3665; x_wconf 87' lang='lat' dir='ltr'><strong>D.</strong></span> <span class='ocrx_word' id='word_1_342' title='bbox 955 3601 1138 3690; x_wconf 76' lang='lat' dir='ltr'><strong>Philippum</strong></span> 
     </span>
    </p>
   </div>
   <div class='ocr_carea' id='block_1_4' title="bbox 0 0 1230 3975">
    <p class='ocr_par' dir='ltr' id='par_1_4' title="bbox 0 0 1230 3975">
     <span class='ocr_line' id='line_1_42' title="bbox 0 0 1230 3975; baseline 0 2"><span class='ocrx_word' id='word_1_343' title='bbox 0 0 1230 3975; x_wconf 95' lang='lat' dir='ltr'><strong> </strong></span> 
     </span>
    </p>
   </div>
  </div>
 </body>
</html>
