2450 3975
246 202 319 280 Cup.
330 198 360 259 5.
371 198 417 261 De
428 196 561 261 Baclor.
574 204 662 262 otest
671 197 860 282 sucrificium.
873 200 953 270 Daci.
967 207 998 270 2.
1070 208 1127 273 175

110 316 207 362 nemo
227 298 366 371 dubitet,
391 299 467 377 quin
481 300 595 362 iruntm
609 302 745 363 sacritlcii
761 303 800 364 cit
821 304 994 383 divisibilia,
1010 317 1042 372 et
1061 310 1129 375 icleb

110 385 263 445 tribuitur
294 384 458 460 unicuique
479 382 559 463 quod
588 386 738 463 debetur3
765 391 966 470 unusquisque
993 396 1074 457 eninr
1096 396 1129 458 in

113 469 239 547 cingulis
256 467 371 539 missis,
387 468 534 529 decimam
553 479 669 549 partem
688 471 874 548 accipiendo,
889 475 919 535 in
935 479 1130 543 celebratione

114 554 241 615 decimu
254 554 423 632 missaper
443 562 541 617 totum
562 573 650 617 suum
674 558 804 618 fructum
824 561 959 639 percipit.
975 566 1011 623 Et
1031 567 1071 626 ita
1084 574 1130 627 te·

111 646 190 700 nent
206 640 286 699 Boo.
300 634 359 699 tc.
374 640 465 701 ltooc.
477 658 502 699 c.
514 643 544 699 b.
559 659 590 721 q.
602 643 634 700 a.
646 658 673 701 r.
688 644 718 703 2
737 643 841 705 Tnmb.
863 642 900 706 de
912 644 996 707 mica.
1017 645 1037 707 1.
1049 651 1081 710 l.
1100 668 1127 713 c.

110 725 144 787 2.
156 722 186 803 S.
201 724 250 785 11.
264 742 297 783 a.
312 724 342 783 1.
357 724 430 784 item
450 722 760 798 emmeramme
777 726 836 791 olii
854 728 939 815 opud
950 730 1042 795 croto
1056 730 1078 793 1.
1094 736 1126 796 e.

106 826 143 893 p.
155 809 187 868 2.
201 826 233 868 a.
250 808 318 869 210.
333 817 437 870 contro
452 809 598 889 Parqual.
611 819 640 871 ct
659 813 777 873 Poaaev.

149 894 221 954 556.
242 924 281 937 -
304 917 319 947 ιι
339 896 368 953 5.
395 894 426 953 si
450 894 525 953 nulli
548 896 733 975 applicetur,
759 896 807 959 vel
839 898 992 979 incapaci,
1013 900 1129 963 iructuc

108 1003 127 1033 ι»
149 983 254 1039 manet
271 978 304 1038 in
324 975 463 1038 thesauro
488 979 642 1052 Ecclesicc,
666 987 703 1040 ut
724 981 810 1044 docet
827 986 960 1060 Suom,
982 985 1129 1047 relaedit

107 1088 126 1118 η
149 1063 209 1141 ipsi
240 1062 401 1133 sacerdoti,
421 1064 469 1122 vel
495 1062 573 1136 illis,
596 1082 652 1144 pro
679 1064 787 1143 qulbus
813 1076 932 1130 tenetur
964 1072 1130 1151 specialiter

109 1173 126 1205 ι
148 1146 277 1220 offerre,
291 1146 372 1228 qpbd
396 1148 437 1208 ita
450 1148 593 1225 impliciti
611 1157 766 1211 censeatur
778 1152 947 1217 intendisse.
963 1157 1007 1217 lta
1019 1158 1126 1238 Luper.

108 1258 126 1287 ι
148 1240 173 1293 t.
191 1233 220 1292 5.
239 1251 265 1292 e.
278 1234 309 1293 2.
327 1231 401 1294 Vide
412 1230 502 1292 Cord.
519 1232 555 1293 de
566 1235 650 1313 lupo
666 1252 698 1293 ra.
712 1236 781 1296 tlt.

147 1318 181 1378 Si
201 1316 315 1377 tructus
333 1317 470 1377 sacrilicii
489 1318 654 1396 applicatur
670 1318 819 1398 incapaci,
833 1326 906 1383 tunc
926 1322 978 1383 illc
994 1326 1128 1387 remanet

105 1403 142 1463 in
157 1400 297 1462 thesauro
309 1404 455 1463 Ecclaaiae.
475 1403 510 1462 ln
527 1403 611 1481 praxi
627 1408 724 1463 eutem
742 1406 862 1481 quando
882 1406 1061 1477 dubitatur,
1086 1426 1125 1471 an

104 1488 135 1548 ia
148 1504 208 1569 pro
221 1504 282 1565 quo
297 1486 451 1547 offerimus
464 1487 503 1546 sit
522 1486 570 1547 vel
588 1504 628 1548 nc
645 1504 735 1566 capax
753 1489 866 1551 bucula
880 1536 889 1564 ,
905 1492 1071 1553 consultum
1083 1496 1128 1553 cot

105 1572 141 1633 ln
163 1572 262 1632 missia
281 1572 418 1651 gratuitis
437 1570 502 1631 illas
516 1572 665 1651 applicare
685 1572 733 1634 vel
754 1574 840 1636 nobis
857 1577 946 1656 ipsis,
970 1578 1018 1638 vel
1039 1576 1126 1639 alteri

103 1655 165 1716 cub
187 1655 376 1726 conditione,
401 1657 427 1715 ci
444 1672 569 1734 perennc
589 1659 636 1718 cui
665 1658 853 1737 applicantur
876 1660 994 1721 nonsit
1015 1679 1126 1738 capon

104 1739 141 1802 in
161 1740 260 1799 missis
277 1739 350 1801 verb
363 1739 471 1801 debitis
486 1758 521 1801 cx
533 1738 683 1820 stipendio
697 1784 705 1814 ‚
718 1743 787 1819 qnia
801 1743 997 1821 probabiliter
1013 1744 1127 1803 tructus

105 1823 190 1885 cedit
220 1824 252 1884 in
276 1822 455 1885 beneficium
479 1827 721 1903 propinquorum
743 1824 894 1887 offerentia
921 1842 957 1886 ex
982 1825 1045 1904 cjuc
1067 1827 1127 1889 inr-

104 1905 210 1990 plicita
228 1909 401 1981 voluntate,
414 1909 481 1970 idco
497 1919 569 1970 tunc
588 1928 651 1970 non
667 1927 841 1990 possumne,
862 1910 909 1973 cui
928 1911 1054 1973 velimus
1066 1912 1125 1973 iru-

105 2005 192 2056 ctum
210 1995 379 2073 applicare,
399 1995 457 2055 nisi
481 1996 537 2056 snb
564 1996 758 2068 conditione,
778 2004 813 2057 ut
839 1995 1045 2077 prejudicium
1063 2015 1123 2058 non

6 2129 10 2139 ‚
104 2078 161 2139 liat
175 2081 230 2138 cui'
242 2079 383 2158 obligatio
396 2080 471 2139 adsit
483 2078 651 2160 'applicandi
664 2102 673 2158 ς
686 2081 726 2143 ita
741 2077 827 2145 Blbcl
839 2100 872 2142 o.
886 2083 956 2146 tet.
968 2089 997 2144 ct
1015 2083 1125 2164 Sporer

104 2181 139 2224 ct.
153 2163 491 2226 mercimonium.
821 2213 827 2224 .

143 2247 216 2309 557.
236 2281 276 2293 -
300 2272 314 2303 c
333 2250 364 2309 1.
382 2249 565 2328 Applicatio,
581 2251 638 2313 cub
657 2251 828 2313 conditione
843 2248 905 2328 jam
921 2251 1040 2330 impleta
1057 2256 1123 2322 ,cst

106 2358 122 2386 ι
145 2332 244 2394 valida
257 2376 265 2406 ,
276 2349 346 2412 mg.
361 2335 398 2394 ad
415 2334 611 2395 intentionem
629 2354 721 2414 quam
739 2335 845 2396 babuit
856 2333 945 2397 hodie
962 2335 1121 2414 superior,

106 2442 121 2470 a
143 2435 209 2479 non
224 2425 325 2478 autem
343 2419 399 2479 aub
420 2418 591 2478 conditione
608 2421 709 2480 lutura
728 2421 944 2498 contingente,
969 2439 998 2481 v.
1022 2438 1052 2497 g.
1075 2439 1121 2499 ap·

107 2525 122 2555 a
143 2503 226 2582 plico
245 2501 312 2575 illi,
335 2505 383 2563 cui
403 2503 499 2564 iltius
530 2503 731 2584 interrogatur
754 2505 883 2566 volucrit
898 2525 909 2579 3
923 2506 971 2564 vel
992 2505 1043 2578 ci,
1065 2505 1119 2581 qui

105 2613 121 2641 ι
144 2584 232 2665 priris
256 2589 422 2665 morietur3
445 2587 494 2647 vel
519 2587 571 2665 qui
596 2588 696 2666 primb
719 2588 903 2666 stipendium
930 2586 1034 2646 offeret
1054 2606 1063 2643 c
1080 2587 1120 2648 ita

104 2696 120 2726 ι
142 2672 281 2732 suumin
295 2674 324 2733 5.
338 2680 419 2754 port.
436 2679 460 2732 t.
481 2671 618 2733 511711.
637 2691 663 2732 a.
685 2673 715 2732 9.
734 2674 842 2751 Lepta.
863 2668 885 2730 1.
906 2688 932 2731 e.
947 2668 1042 2730 Diuo.
1057 2667 1079 2730 1.
1093 2691 1119 2733 e.

104 2782 119 2810 ι
142 2770 174 2816 r.
187 2757 236 2817 15.
255 2756 344 2817 Gord.
358 2755 395 2818 de
410 2757 492 2837 Lupo
503 2755 535 2816 cl.
550 2757 598 2816 lt.
617 2774 701 2816 oum.
715 2757 784 2817 209.
802 2757 992 2818 mctruBoo.
1010 2772 1041 2837 q.
1062 2752 1118 2818 ult.

105 2841 223 2986 ”lis
236 2839 899 3006 laiemittttttltttltttt,
913 2926 1014 2988 „aaa
1026 2969 1035 3000 ‚
1048 2943 1119 3004 ,aa

104 3033 120 3064 ι
143 3027 203 3090 pro
217 3010 358 3071 deiuncto
373 3019 544 3087 teneretur,
562 3012 731 3074 celebrarit.

148 3114 165 3148 α
184 3097 214 3155 o.
232 3095 403 3156 Sacerdotes
417 3097 568 3160 societatis
577 3115 639 3158 nou
651 3097 831 3159 satisfaciunt
845 3142 854 3171 ,
868 3095 1043 3159 celebrando
1065 3112 1118 3172 pro

102 3200 120 3233 a
142 3177 291 3239 defunctis
307 3198 361 3258 per
372 3181 634 3260 anticipationem,
650 3183 706 3244 nisi
723 3191 823 3244 tamen
838 3181 901 3260 jam
912 3179 1024 3242 mortui
1037 3178 1117 3252 aiot,

4 3313 5 3316 ,
110 3287 122 3318 a
143 3264 201 3324 etsi
223 3271 324 3342 postea
338 3266 575 3344 promulgentur.
585 3272 689 3349 boym.
707 3265 729 3329 1.
740 3286 767 3328 c.

3 3340 5 3359 '
142 3352 256 3412 Dicunt
272 3355 355 3432 lacpo
373 3351 501 3433 clepera.
517 3355 549 3416 cl.
572 3359 622 3419 15.
644 3375 677 3418 o.
693 3357 761 3416 157.
780 3361 810 3414 ct
829 3349 899 3415 Pol.
917 3369 951 3433 p.
971 3353 1002 3412 6.
1023 3351 1116 3430 appli-

3 3449 14 3495 *.
103 3438 254 3500 rationem
279 3438 377 3498 missa
402 3439 508 3500 tactam
530 3459 585 3520 pro
606 3443 705 3520 primo
722 3439 864 3500 offerente
883 3455 947 3498 csse
972 3436 1116 3512 validam,

3 3523 5 3591 Ξ
103 3523 157 3584 secl
178 3521 316 3582 illicitam
338 3539 375 3581 ex
391 3522 592 3603 prohibitione
606 3522 761 3584 Clementia
774 3523 862 3583 Vm.
876 3540 964 3602 quam
986 3523 1118 3602 promul·

102 3606 188 3688 gerit
203 3600 323 3668 Porcina
336 3605 371 3667 t.
385 3605 434 3668 die
448 3609 497 3671 tt.
511 3609 587 3671 Nor.
606 3609 694 3670 tect.
715 3616 817 3670 vetans
831 3605 907 3670 hanc
927 3606 1115 3670 consuetudi·
