2450 3975
150 236 188 301 14
285 288 289 295 .
380 231 445 297 tit.
462 236 492 295 6.
510 234 607 295 Tract.
622 230 653 293 5.
670 229 706 293 de
722 228 923 294 Eucharistio.

148 334 289 399 admixtio
305 332 425 397 alterius
445 334 586 395 frumenti
613 330 652 393 ad
675 328 770 393 muitd
791 329 933 409 majorem
961 332 1160 413 quantitatem

146 418 256 493 tritici,
278 420 386 501 poterit
411 418 516 482 exinde
539 417 642 479 confici
661 417 765 497 panis,
785 417 837 495 qni
866 426 910 478 est
931 420 1054 480 materia
1067 419 1160 497 hujus

145 504 331 566 sacramenti.
343 503 374 567 Si
394 502 466 566 verit
482 504 521 564 sit
539 519 644 583 magna
665 501 842 580 permixtio,
858 500 928 580 nuti
947 520 986 563 ex
1006 520 1091 582 aequo
1109 504 1160 564 vei

147 587 249 668 quasi,
267 589 332 650 tatis
347 589 505 667 permixtio
517 588 644 667 speeiem
657 594 771 659 mutat,
788 585 869 645 unde
881 586 964 665 panis
972 587 1079 650 exinde
1087 608 1163 649 con-

146 670 238 733 iectus
249 692 309 734 non
325 675 382 737 erit
399 672 496 733 debita
513 672 647 732 materia.
658 672 701 731 Et
712 668 853 731 sitellam
864 667 1069 733 dicuutSulm.
1082 671 1158 735 etta.

147 772 180 815 a.
195 758 224 819 8.
239 766 267 818 et
276 760 323 820 10.
333 754 548 835 communiter).
564 778 577 809 u
591 757 631 816 ll.
650 754 736 815 Panis
751 756 907 828 mucidus,
927 757 979 835 qui
995 757 1033 817 ad
1054 777 1162 819 corru-

147 839 279 917 ptionem
300 840 477 919 disponitur.
493 842 571 901 Bou.
598 826 621 899 l.
640 853 666 899 e.
689 856 721 899 u.
741 839 770 899 t.
786 862 801 892 a
823 838 898 917 (Hoc
913 848 1006 917 esset,
1026 840 1162 921 sisapor

147 918 319 1005 aliqualiter
330 932 495 987 mutaretur
503 967 513 1002 ,
529 930 559 987 et
580 930 648 986 lune
660 930 732 985 meet
745 918 869 985 mortale
883 920 935 986 illo
947 926 1003 987 uli.
1017 924 1133 987 Patous
1147 971 1156 1000 ,

146 1006 304 1090 etCouiu.)
657 1019 661 1025 ’
1011 1018 1015 1023 ’

149 1150 154 1155 .
185 1094 256 1155 202.
268 1126 307 1139 -
325 1118 339 1149 u
350 1095 378 1157 tt.
392 1092 518 1156 Perinde
533 1100 577 1154 est
592 1090 630 1153 ad
647 1092 779 1154 valorem
793 1093 983 1167 sacramenti,
1003 1096 1159 1176 sivepanis

147 1199 160 1229 a
184 1178 224 1237 sit
236 1180 377 1258 azymus,
394 1180 456 1239 sive
474 1180 684 1249 fermentatus,
700 1185 735 1238 ut
749 1174 885 1237 definivit
898 1176 981 1239 Trid.
998 1180 1161 1258 quiauter-
1218 1181 1219 1184 ’

147 1286 160 1315 a
185 1281 244 1342 que
263 1272 307 1325 est
325 1263 451 1336 usualis,
473 1273 503 1324 et
516 1261 638 1343 proprie
663 1260 760 1322 dictus
776 1261 871 1359 panis
896 1258 1020 1324 Interir'n
1036 1265 1069 1325 in
1095 1268 1156 1327 suis

147 1370 160 1401 r
185 1348 319 1411 Ecclesiis
331 1347 426 1410 Latini
440 1350 471 1409 in
494 1364 614 1427 azymo,
629 1354 660 1406 et
670 1344 762 1406 Graeci
777 1363 809 1404 tn
824 1345 1000 1407 sermentato
1013 1348 1156 1413 conticere

146 1455 160 1485 a
185 1441 343 1505 tenentur,
363 1430 419 1491 sub
438 1440 585 1511 praecepto
609 1429 714 1511 gravi,
734 1435 765 1489 et
783 1429 870 1506 culpa
886 1432 1031 1504 mortali,
1054 1431 1071 1492 1
1097 1454 1155 1513 qua

146 1536 246 1577 anon
282 1524 400 1577 excusat
433 1514 588 1575 necessitas
609 1557 618 1589 ,
638 1531 683 1581 ¹v.
710 1530 741 1593 g.
780 1510 872 1573 dandi
904 1515 1055 1577 viaticum.
1084 1518 1157 1581 Vide

146 1624 161 1655 u
185 1598 319 1747 Borald.
342 1602 371 1661 4.
390 1618 440 1683 qu.
467 1600 498 1663 2.
523 1618 555 1683 p.
577 1594 696 1661 tritt.
719 1607 741 1659 t.
761 1600 802 1694 4ζ
810 1617 836 1659 c.
855 1600 886 1662 5.
909 1616 940 1681 q.
962 1600 993 1662 8.
1010 1601 1100 1663 Cord.
1119 1602 1157 1664 de

146 1689 207 1749 aa
248 1706 337 1749 o.a.
971 1748 977 1756 ,

185 1707 281 1833 Εἴ9ε31
294 1790 451 1835 commune
474 1788 541 1833 cum
554 1770 643 1848 Solo,
660 1770 751 1831 Suar.
762 1768 868 1849 Loym.
887 1774 918 1830 el
928 1766 1021 1831 Saluo.
1035 1770 1108 1834 atta.
1121 1793 1155 1835 a.

147 1858 195 1918 19.
214 1856 262 1917 Sie
280 1858 360 1917 enirn
381 1857 503 1918 tradidit
518 1874 600 1917 eone.
622 1857 753 1917 Florent.
773 1856 805 1915 in
822 1856 944 1914 Decreto
962 1855 998 1915 ad
1011 1859 1156 1922 armenos

144 1941 172 2024 §-
185 1938 413 2022 2.·Defiaimus,
433 1941 467 2002 iu
482 1958 602 2023 azymo,
621 1939 681 2001 sine
692 1937 868 2022 femwutoto
879 1957 959 2020 parte
974 1940 1085 2005 triticeo
1098 1964 1157 2007 cor·
1218 1979 1219 1982 κ

143 2044 202 2108 pus
223 2025 335 2087 Christi
347 2025 488 2087 veraciter
502 2023 613 2106 confici.
625 2023 847 2105 sacerdotesque
863 2023 896 2084 iu
906 2029 1046 2086 alterutro
1057 2025 1156 2108 ipsum

145 2109 272 2172 Domini
280 2128 386 2192 corpus
396 2109 533 2192 conficere
546 2107 646 2171 dooere
656 2154 663 2180 ,
675 2125 912 2189 unumquemque
915 2108 1008 2191 juata
1021 2107 1158 2174 Ecclesiae
1218 2144 1219 2149 κ

143 2213 207 2274 aare
220 2192 280 2255 siae
307 2193 485 2271 Orieutalls,
505 2192 567 2254 siue
592 2189 785 2257 Occidentalis
807 2193 1055 2254 oouuaetudinem.
1079 2197 1155 2260 Hinc

143 2281 186 2342 N.
201 2279 252 2340 SS.
262 2279 301 2340 P.
322 2277 433 2340 Beued.
444 2281 496 2341 XI
500 2281 536 2340 V.
560 2275 592 2340 in
618 2280 735 2340 constit.
757 2295 846 2357 super
861 2278 968 2338 ritibus
986 2279 1155 2342 Graecorum

83 2400 85 2403 -
144 2363 282 2424 editaan.
297 2365 463 2426 atlantea·
477 2361 642 2446 pastoralis
648 2409 658 2440 ,
680 2363 736 2426 sub
753 2362 849 2444 poenis
859 2371 1006 2444 perpetuae
1030 2381 1156 2446 suspeu-

143 2445 235 2509 siouis
250 2447 270 2506 cl
287 2444 397 2510 diuinis
418 2447 573 2509 confirmat
599 2446 859 2528 prohibitionem,
882 2465 921 2507 ue
943 2447 1082 2522 Latinus,
1101 2460 1153 2512 aut

143 2537 260 2596 Gracus
277 2544 385 2612 praeter
403 2535 559 2614 proprium
573 2535 668 2594 ritum
681 2535 819 2598 celebret.

181 2623 250 2682 205.
272 2653 310 2664 -
328 2621 385 2682 Sed
406 2621 558 2682 dubitatur
580 2621 609 2690 i,
635 2621 682 2681 An
705 2623 824 2681 Latinus
839 2621 871 2686 in
889 2621 961 2681 loeis
982 2619 1153 2686 Graecorum
1218 2624 1219 2675 l

143 2707 235 2788 possit
251 2705 399 2774 celebrare
417 2705 449 2766 in
461 2705 652 2778 sermentato,
669 2714 699 2768 et
711 2707 828 2780 Graecus
848 2707 880 2766 in
896 2706 967 2767 locis
978 2707 1152 2769 latinorum

142 2795 174 2852 in
195 2793 321 2869 azymo?
335 2791 521 2852 Convenlunt
538 2791 602 2852 Di).
616 2788 732 2869 quddsl
753 2791 832 2867 inter
851 2791 964 2853 Graeeos
982 2790 1153 2854 inueniatur

142 2875 266 2937 Ecclesia
282 2875 475 2947 Latinorum,
493 2874 525 2934 in
550 2894 608 2954 qua
623 2877 732 2935 latinus
753 2875 829 2934 ritus
848 2883 1002 2947 servatur,
1017 2877 1152 2937 sacerdos
1218 2948 1220 2955 .

141 2960 250 3022 latinus
270 2958 374 3020 debeat
401 2977 570 3019 consecrare
592 2959 625 3020 in
647 2977 771 3038 azym03
786 2968 816 3019 et
828 2961 871 3020 sic
895 2958 912 3021 ie
935 2977 1089 3022 converso.
1108 2963 1152 3021 lta

140 3047 229 3107 Satur.
243 3041 273 3103 d.
287 3045 337 3104 44.
346 3045 450 3105 secta
466 3062 495 3103 a.
505 3039 596 3119 Illud,
609 3046 808 3105 Ceutl'ou'ru.
821 3042 959 3106 aaut.
972 3061 1039 3123 cap.
1048 3045 1077 3103 5.
1092 3053 1149 3105 art.

141 3133 171 3190 1.
182 3124 271 3190 coacl.
285 3129 316 3190 2.
329 3124 447 3193 aotam.
455 3147 489 3200 rt.
503 3129 571 3190 242.
582 3128 669 3210 Sper.
679 3147 712 3197 u.
724 3129 792 3191 149.
804 3125 934 3194 etSalua.
954 3125 989 3188 de
1002 3127 1100 3188 Eucti.
1123 3148 1150 3190 c.

140 3217 170 3276 4.
182 3233 214 3296 p.
232 3216 261 3275 1.
278 3231 310 3274 a.
334 3214 384 3273 21.
402 3231 469 3274 eum
491 3211 599 3274 Saucia.
619 3215 697 3274 Bou.
714 3222 771 3274 etc.
791 3210 993 3274 communiter.
1017 3210 1152 3274 Dubium
1218 3246 1219 3253 .

140 3307 201 3370 cst,
221 3297 339 3376 quando
350 3297 469 3358 latinus
490 3298 595 3360 transit
616 3315 670 3376 per
683 3297 825 3358 Graeciam
837 3296 896 3377 (vel
908 3293 1033 3378 contria).
1045 3299 1153 3358 Censet

138 3379 269 3443 aaaron.
287 3379 370 3462 apud
385 3379 479 3444 Salat.
491 3379 565 3444 ibid.
581 3401 613 3442 u.
624 3383 674 3446 20.
684 3382 778 3444 teneri
787 3381 822 3441 ad
832 3381 1039 3441 celebrandum
1049 3381 1081 3440 in
1091 3381 1154 3442 ier·

139 3473 281 3526 ntentato.
297 3467 479 3527 Econtrario
497 3469 586 3548 Vasq.
598 3464 630 3528 ai.
641 3467 710 3528 174.
726 3485 752 3526 c.
766 3468 797 3528 5.
813 3467 899 3527 Coae.
914 3473 937 3524 t.
950 3466 980 3526 8.
990 3483 1025 3546 p.
1038 3467 1108 3526 249.
1122 3472 1154 3526 ct

43 3621 48 3628 Ι
138 3543 249 3606 Aversa
262 3549 358 3626 qm.
372 3558 438 3610 sect.
452 3552 482 3610 4.
496 3551 599 3612 dicunt
614 3553 708 3613 teniri
727 3552 874 3612 celebrare
888 3551 921 3611 in
930 3567 1044 3627 azynum.
1056 3553 1152 3612 Caete-

140 3623 211 3686 rtim
222 3631 434 3707 caramaniter,
456 3641 485 3696 et
504 3634 738 3713 probabilissimi
749 3637 823 3700 Nat.
836 3632 920 3698 Alea
933 3642 992 3696 art.
1010 3635 1040 3698 5.
1056 3653 1148 3718 prop·
