2450 3975
285 199 359 279 Cup.
372 198 399 258 i.
414 194 677 277 Decutissaetione.
694 196 773 259 Ded.
785 199 813 257 i.
826 198 891 258 Art.
902 198 931 258 2.
1047 198 1107 259 455

94 334 109 365 ιι
132 308 238 387 gines,
260 323 370 386 pona,
390 304 502 363 roseria
515 311 596 375 ,etc
612 302 783 376 benedicte,
802 320 886 383 posse
900 348 909 377 ,
923 304 985 365 siue
996 302 1106 365 intuitu

95 422 110 454 ιι
135 398 268 477 ejusdem
288 396 512 469 concessionis,
534 396 596 455 sive
616 396 801 455 diuersarum
822 440 831 468 ,
861 398 947 457 toties
972 396 1105 469 lucrari,

94 509 110 540 ιι
135 484 252 562 quotics
267 498 378 542 nomen
399 482 466 539 Jesu
490 480 723 557 repetierit,ch
739 481 905 558 praestiterit
922 498 994 559 opus
1007 480 1107 560 requi·

95 592 110 624 ιι
136 570 236 628 situm.
257 564 333 628 lbid.
356 564 388 625 d.
399 566 429 625 6.
444 581 481 623 ec
495 565 585 625 soar.
605 565 701 625 Gran.
712 572 765 625 etc.
777 566 888 625 Sutticit
902 574 999 625 autem
1013 566 1048 625 ad
1058 583 1105 625 cas

95 679 110 708 ιι
133 651 293 714 lucrandas
308 649 434 729 quodvis
452 656 591 727 tempus,
613 649 645 708 in
667 666 726 726 quo
740 648 1023 709 verificaturmortis
1034 648 1107 710 erti-

96 762 111 791 ιι
134 737 234 806 culus,
250 734 305 796 etsi
318 733 454 814 pluribus
466 731 573 792 diebus
586 732 623 792 ab
637 733 698 811 ipsa
712 741 807 793 morte
822 734 908 793 absit.
919 732 965 794 lb.
982 732 1013 793 d.
1028 735 1059 795 t.

140 848 154 876 ιι
175 824 204 881 b.
218 823 345 881 Possunt
361 817 534 879 moribundi
553 818 655 897 piures
673 818 868 896 indulgentias
881 818 1042 896 plenarias,
1068 818 1106 879 ob
1165 846 1171 856 ·

96 928 111 959 ιι
134 907 237 983 piures
249 904 352 965 titulos
373 918 542 973 concessus,
564 902 654 962 simui
674 902 798 979 lucrari,
811 902 893 963 verbi
914 901 1024 981 grana,
1037 904 1104 980 quia

96 1015 111 1044 ιι
134 988 243 1049 babent
259 990 343 1067 piura
357 988 486 1060 rosaria,
505 988 553 1046 vei
566 1004 676 1064 grana,
692 1004 792 1047 cruces
803 1032 811 1058 ,
824 988 1001 1065 imaginesve
1015 1032 1022 1057 ,
1038 989 1105 1065 qui-

96 1098 111 1129 ιι
134 1074 272 1134 bossunt
291 1073 442 1151 applicatae
457 1093 466 1147 3
487 1071 533 1131 vei
546 1072 635 1132 titulo
649 1090 710 1131 suae
720 1071 889 1149 religionis,
912 1072 1105 1131 confraterni-

96 1182 112 1213 ιι
135 1160 224 1230 tatis,
244 1167 301 1218 cte.
322 1155 559 1217 dummodbnon
580 1162 735 1234 requirant
754 1164 832 1215 certa
854 1173 941 1234 opera
964 1174 1018 1234 pro
1040 1174 1105 1235 spe-

95 1268 111 1299 ιι
138 1244 205 1304 eieii
220 1243 391 1303 necessitate
410 1241 590 1321 applicanda.
612 1242 718 1317 Quint.
737 1240 771 1300 ιἰι
789 1240 917 1321 append.
930 1250 950 1300 t.
963 1244 993 1301 o.
1008 1241 1038 1302 d.
1052 1246 1103 1320 4.,
1198 1252 1200 1257 “

95 1354 112 1385 ιι
135 1327 226 1407 idque
238 1328 352 1388 etiamsi
365 1345 434 1397 eas,
457 1327 504 1386 vel
520 1344 623 1386 carrina
635 1327 746 1403 aliquas
757 1327 910 1404 ignorent,
923 1336 974 1385 aut
987 1344 1046 1387 non
1058 1344 1105 1386 re-

96 1438 111 1468 ιι
136 1412 308 1472 eordcntur.
330 1410 408 1473 reid.
429 1426 466 1471 cx
479 1411 578 1492 lupo,
592 1411 715 1483 Diona,
728 1418 757 1471 et
767 1406 837 1471 aliia
851 1411 881 1471 b.
895 1416 998 1472 eoatm
1013 1408 1104 1471 Bedr.

95 1521 112 1553 ιι
140 1493 237 1558 Trull.
253 1503 305 1556 eid.

140 1604 155 1635 ιι
174 1581 205 1641 6.
226 1578 401 1669 Requiritur
415 1586 533 1649 eutem,
553 1578 799 1639 utmoribundus
811 1593 1106 1663 crucem,granum,

95 1689 113 1723 ιι
136 1665 314 1743 imaginem,
330 1672 388 1725 etc.
403 1680 503 1725 seeum
518 1662 626 1725 babeat
641 1665 672 1724 in
682 1665 807 1726 articulo
820 1664 941 1735 mortis,
954 1667 1107 1729 utratione

95 1775 113 1807 ιι
136 1750 216 1810 iliius
235 1748 391 1809 lueretur:
411 1758 441 1809 et
455 1748 594 1826 quidem,
610 1758 645 1809 ut
665 1748 759 1809 tutibs
781 1768 815 1810 ae
828 1746 936 1809 certius
955 1750 1105 1822 obtineat,

95 1858 113 1893 ι
136 1834 200 1911 ejus
211 1832 317 1895 babeat
325 1833 493 1895 dominium
505 1878 514 1907 ‚
526 1852 577 1894 seu
588 1835 799 1913 possessionem
810 1878 817 1905 ‚
829 1841 859 1893 et
870 1832 947 1911 apud
955 1852 985 1893 se
995 1842 1104 1895 teneat.

97 1942 113 1977 ιι
135 1922 203 1981 Non
221 1930 331 1996 tamen,
344 1928 389 1979 est
405 1936 539 1992 necesse,
560 1930 594 1979 ut
617 1920 692 1981 collo
711 1935 859 1998 appensa,
874 1918 995 1979 brachio
1014 1920 1106 1984 obvo-

96 2029 113 2062 ιι
136 2004 198 2064 luta
209 2049 218 2076 ,
230 2021 357 2065 menore
370 2004 551 2083 apprehenso
563 2006 623 2065 sint
644 2003 708 2083 (etsi
721 2007 818 2083 aliquo
830 2003 938 2065 horum
950 2005 1107 2070 modorum

95 2110 113 2146 ι
135 2087 246 2150 habere
258 2082 296 2150 'sit
306 2089 425 2168 tutius),
436 2089 487 2151 sed
502 2089 611 2151 sufficit
626 2107 688 2150 esse
703 2091 733 2151 in
746 2091 822 2152 lecto
837 2134 846 2161 ‚
859 2091 906 2151 vel
913 2089 996 2168 juxte
1014 2095 1107 2154 mori·

96 2197 113 2232 ιι
136 2173 290 2250 bendum,
307 2173 376 2234 lieet
392 2175 454 2252 ipse
467 2193 521 2235 nee
544 2174 661 2246 videet,
676 2190 730 2235 nee
743 2183 860 2252 tangat,
883 2193 937 2234 nee
953 2177 1042 2246 sciat,
1056 2187 1106 2240 aar

96 2284 113 2315 ιι
136 2259 309 2320 recordetur
318 2276 349 2318 se
358 2257 467 2318 habere
480 2259 548 2338 (nisi
563 2260 644 2320 eliud
657 2259 863 2336 exprimatur).
874 2257 1005 2319 Suiiiciet
1016 2260 1105 2322 etiam

98 2367 115 2399 ιι
136 2341 247 2403 babdre
266 2343 470 2415 commodata,
492 2361 543 2404 scu
563 2345 660 2422 quoad
682 2361 768 2401 usum
790 2343 965 2421 (presertim
984 2345 1008 2404 si
1025 2345 1055 2404 id
1074 2348 1105 2408 in

98 2453 114 2483 ιι
139 2426 204 2505 ipso
223 2427 340 2488 indulto
358 2428 558 2504 exprimatur,
572 2438 607 2487 ut
620 2429 650 2488 in
668 2423 769 2488 Caroli
777 2426 955 2503 Borroaaei,
971 2437 1001 2487 et
1018 2431 1120 2506 quin-.

96 2536 113 2568 ιι
137 2529 196 2587 que
206 2512 379 2571 Sanctorum
392 2511 448 2589 nr).
466 2515 568 2590 Neque
581 2530 696 2573 necesse
714 2521 758 2571 est
773 2511 905 2572 retinere
922 2557 930 2586 ,
948 2510 1043 2572 donee
1055 2531 1106 2574 ex-

27 2625 54 2666 ·-
96 2622 113 2653 ιι
137 2598 216 2678 pirct
232 2597 297 2674 (etsi
310 2605 342 2656 et
354 2597 411 2658 boe
422 2599 461 2657 sit
477 2600 603 2677 tutius),
620 2599 671 2658 sed
695 2597 805 2658 sufficit
828 2599 860 2656 ia
882 2598 983 2674 aliquo
1001 2601 1106 2660 mortis

96 2707 113 2738 ιι
137 2681 260 2740 articulo
274 2679 401 2754 habere,
417 2683 448 2742 in
469 2699 565 2762 eoque
581 2701 694 2744 nomen
711 2685 780 2744 Jesu
803 2681 840 2760 (si
856 2679 913 2744 boe
931 2683 1106 2765 requiritur}

97 2790 113 2821 ιι
135 2763 424 2828 inverencunde.
941 2837 947 2842 Α

142 2874 157 2902 ι
176 2850 207 2909 7.
223 2851 372 2911 eoncessoe
391 2851 466 2912 vivis
486 2868 547 2911 non
567 2861 690 2930 possunt
711 2851 852 2931 applicari
871 2853 1036 2928 defunctis,
1049 2855 1105 2917 nisi

98 2959 116 2992 ιι
138 2933 169 2998 id
189 2936 388 3013 exprimetur3
405 2935 474 3014 quia
487 2937 645 3014 pendenti
668 2938 819 3000 voluntate
831 2939 1027 3000 concedentis.

143 3044 157 3074 ιι
177 3021 208 3080 8.
222 3020 378 3079 Probabile
392 3029 435 3080 est
456 3039 621 3082 concessam
643 3041 697 3100 pro
711 3031 791 3083 certo
808 3030 943 3102 tempore
955 3041 1040 3103 posse
1052 3041 1107 3086 se·

98 3128 115 3161 ι
136 3102 206 3184 piris
224 3103 351 3164 obtineri
377 3107 540 3183 repetendo
559 3124 648 3185 opera
675 3108 844 3186 praescripta
861 3151 869 3177 ,
890 3108 972 3168 verbi
991 3110 1104 3186 gratie,

99 3213 115 3243 ιι
138 3189 240 3249 eidem
256 3188 325 3260 die,
338 3191 394 3249 nisi
408 3189 506 3250 addita
519 3191 557 3250 sit
570 3193 739 3252 restrictio:
755 3193 823 3270 quia
838 3193 951 3252 fevores
963 3203 1033 3253 sunt
1049 3212 1106 3254 um·

100 3290 115 3321 ι
138 3265 311 3344 pliandi.ita
325 3265 449 3346 Henriq.
465 3265 584 3348 nodata
600 3269 787 3329 Contrarium
799 3278 898 3328 tamen
911 3269 1032 3330 ridetur
1043 3288 1106 3348 pro

98 3373 113 3405 ιι
138 3349 283 3422 habilius,
301 3351 339 3411 ob
355 3351 539 3410 voluntatem
559 3353 743 3414 concedentis
755 3353 932 3414 contrariom
952 3354 1106 3414 rationabi·

99 3457 114 3486 ιι
138 3431 207 3493 liter
226 3444 446 3514 praesumptam.
457 3433 530 3496 Vide
540 3437 629 3498 dard.
644 3435 679 3497 de
693 3437 775 3517 Lupo
787 3434 818 3496 d.
830 3438 880 3498 27.
896 3439 1001 3498 seond
1012 3455 1044 3497 n.
1055 3431 1105 3499 ub.

142 3541 156 3571 ι
177 3519 207 3579 9.
225 3518 284 3577 Etsi
305 3520 471 3579 consultum
491 3520 547 3591 sit,
569 3529 602 3581 ut
623 3538 714 3598 opera
727 3521 827 3580 omnia
850 3521 923 3580 fiant
938 3521 969 3580 in
989 3523 1106 3599 gratia:
1159 3582 1163 3593 ,

96 3626 112 3656 ιι
136 3597 169 3662 id
182 3607 281 3669 tanam
293 3621 354 3663 non
370 3603 487 3664 ridetur
494 3603 669 3682 simpliciter
682 3605 888 3680 necessarium.
902 3605 1106 3684 Laborandum
