2450 3975
121 195 181 260 180
360 192 472 258 deind.
494 187 889 272 truectnepoennatta

117 315 195 375 acm,
207 292 519 380 promdenampua'totc
532 291 783 372 aemotdisemper
793 292 827 351 in
839 288 1044 354 humaniorem
1053 309 1126 373 por·

118 389 197 453 mm,
212 377 386 441 nummo
402 376 565 440 modom
585 374 666 457 quod
681 391 825 458 perseam
841 382 871 436 ct
891 375 1017 452 endam,
1038 375 1122 454 loeo,

116 459 582 545 aaampomatdm'apoaatore.

154 552 222 612 Non
239 550 348 611 dubito
375 549 449 628 quin
466 545 573 623 majori
595 544 718 624 quidem
745 544 926 607 detrimento
953 561 1073 626 semper
1093 547 1125 608 in

116 634 241 696 Ecclesia
253 636 365 696 inerint
374 631 540 694 confessarii
554 629 646 690 nimis
661 629 867 708 indulgentes,
877 628 946 691 eim
959 631 1056 708 major
1069 629 1125 690 ho-

116 719 236 781 minum
254 717 372 800 parsad
384 717 453 776 vitia
466 714 645 795 pronisint3
658 715 710 774 sed
730 733 792 776 non
811 714 926 776 modice
946 717 1036 776 etiam
1058 717 1125 776 ani-

117 822 235 866 marum
249 803 338 864 seiani
355 800 465 862 obsunt
475 799 550 878 ,qui
565 816 619 878 per
634 799 758 860 nimiam
770 799 970 860 austeritatem
982 799 1129 880 poeniten·

117 895 162 948 tes
184 889 224 949 ite
241 887 410 958 deterrent,
424 893 460 944 ut
477 885 535 962 ipsi
556 885 605 946 vel
619 892 734 962 peccato
756 901 808 944 sua
830 885 988 956 reticeant,
1012 893 1064 946 aut
1082 885 1124 945 sie

115 973 219 1033 aretati
233 970 341 1050 jugum
354 969 519 1046 disciplinae
535 966 966 1046 abjiciant,laxisque·habeuis
989 968 1026 1030 in.
1036 969 1127 1030 sitio-

116 1071 186 1116 rum
193 1072 313 1115 wnum
320 1053 530 1114 miserabiliter
543 1052 652 1114 deinde
666 1069 698 1112 se
713 1053 901 1130 immergant.

154 1138 371 1218 Aggrediamur
389 1155 466 1217 opus
478 1137 516 1198 ad
526 1135 607 1197 hunc
621 1145 779 1198 traetatum
796 1137 834 1198 de
845 1139 1127 1220 sacromentopmni·

115 1225 215 1286 tentiae
241 1223 472 1304 exponendum,
493 1223 542 1284 oui
564 1224 669 1302 ntique
691 1225 772 1284 omni
794 1223 892 1284 studio
918 1243 981 1304 prae
1012 1226 1125 1285 caeteris

114 1309 246 1370 materiis
264 1308 634 1381 sedaldincumbendum,
655 1305 723 1368 otim
739 1308 771 1368 in
788 1308 957 1386 ipsototius
970 1307 1132 1388 theologic-

114 1395 236 1456 mcralis
253 1412 389 1467 summa,
406 1402 439 1454 et
451 1393 628 1472 mroestionos
653 1392 745 1468 magis
767 1392 807 1451 ad
825 1393 940 1471 praxim
962 1401 1131 1471 spectantes

114 1479 345 1554 contineantur3
363 1487 394 1538 et
416 1477 485 1540 ided
502 1495 557 1555 ego
573 1476 669 1536 labori
689 1494 753 1536 non
775 1478 913 1555 peperci,
928 1487 962 1538 ut
979 1478 1130 1538 desiderio

115 1560 262 1622 tectorum
277 1563 493 1635 satisfacerem,
510 1569 605 1639 utque
622 1561 678 1639 ipsi
695 1562 797 1623 omnia
815 1563 890 1624 scitu
902 1564 1066 1624 necessaria
1078 1560 1130 1624 hic

114 1647 275 1725 reperiant.

153 1733 223 1793 127.
233 1765 273 1778 -
285 1733 321 1794 ln
335 1731 393 1795 hoc
404 1730 493 1795 dobeo
507 1732 606 1812 primo
617 1729 682 1792 loco
693 1739 796 1811 agatur
807 1731 844 1792 de
862 1733 984 1793 materia
997 1741 1122 1806 remota,

115 1825 146 1882 et
160 1817 260 1878 formo.
271 1817 361 1898 hujus
375 1818 560 1880 sacramenti.
579 1817 682 1892 Quoad
697 1817 852 1878 materiam
865 1819 1014 1896 pertinet,
1027 1820 1065 1878 ad
1089 1837 1126 1880 ea

114 1921 181 1980 qne
200 1902 293 1983 supra
319 1906 396 1967 dixit
412 1903 636 1978 lincomisum,
659 1903 722 1966 dun
746 1901 865 1966 tantdm
897 1903 989 1966 dultia
1014 1903 1124 1966 addere

114 1987 259 2048 occurrit.

152 2070 313 2130 Dubitatne
331 2071 362 2133 1.
385 2071 433 2132 ain
459 2072 596 2134 mortalia
620 2074 774 2135 commissa
800 2074 833 2135 in
859 2075 921 2153 ipso
940 2074 1126 2153 susceptione

114 2153 252 2233 baptismi
273 2154 334 2215 siut
359 2156 483 2216 materia
500 2155 590 2232 hujus
608 2160 806 2219 sacramenti?
819 2160 976 2221 Affirmant
988 2176 1124 2219 eommu-

114 2237 236 2300 nissimd
249 2240 340 2301 star.
356 2238 425 2301 dui.
438 2241 489 2301 18.
503 2238 594 2301 conci.
616 2242 647 2301 1.
661 2241 754 2305 Hoiz..
768 2246 884 2304 nott.
906 2242 1009 2305 Escob.
1033 2239 1055 2303 l.
1071 2244 1121 2303 tt.

113 2341 147 2389 o.
159 2325 207 2385 18.
220 2343 291 2386 aaut
306 2326 434 2404 Vosmet
444 2328 539 2387 Henr.
550 2324 645 2387 Sciat.
655 2324 690 2387 dc
711 2328 954 2409 aocrcanspoenit.
967 2328 1037 2387 cd.
1045 2346 1079 2409 p.
1090 2330 1121 2387 1.

114 2428 146 2470 n.
167 2411 215 2469 id.
234 2427 270 2469 ee
289 2407 374 2471 Ettet
386 2430 419 2471 n.
442 2413 474 2473 8.
497 2429 565 2473 cnm
588 2414 621 2474 S.
640 2414 756 2473 Bonae.
779 2414 882 2486 Scato,
897 2416 1006 2475 Moatra
1019 2420 1072 2473 etc.
1085 2430 1123 2473 es

114 2496 156 2557 D·
172 2493 225 2556 rt.
241 2496 271 2554 5.
282 2514 316 2576 p.
327 2514 358 2576 q.
369 2498 419 2557 tt.
434 2515 480 2557 or.
497 2499 546 2566 10.
569 2505 600 2558 et
613 2516 649 2558 ex
661 2498 694 2557 S.
710 2498 981 2580 Aupnatinorelato
999 2498 1031 2558 in
1051 2516 1120 2559 ooo.

119 2579 200 2641 Tune
215 2578 319 2641 vatem
327 2584 376 2642 11.
389 2581 425 2643 de
440 2600 565 2644 casceca.
576 2581 647 2644 dist.
663 2584 761 2642 5.„ubi,
770 2584 831 2643 aits
847 2586 929 2644 Paene
942 2580 1037 2644 volere
1047 2580 1122 2643 inei-

56 2700 60 2706 -
111 2666 158 2744 pit
177 2664 218 2725 od
232 2663 359 2727 salaman
378 2666 560 2747 baptismos,
576 2667 643 2727 ctim
656 2664 711 2728 itta
726 2664 808 2746 fictio
824 2669 922 2730 ceroci
943 2664 1122 2745 confessione

112 2751 237 2810 recessit.
261 2752 371 2825 Ratio,
386 2754 456 2830 quia
475 2754 536 2813 haee
556 2762 690 2831 peccata,
705 2752 775 2813 ticet
796 2754 855 2813 sint
874 2763 1008 2831 tompore
1031 2751 1122 2813 simul

113 2851 180 2897 eum
197 2834 362 2912 baptismo,
376 2837 484 2897 natura
505 2844 609 2897 tamen
627 2847 698 2899 sunt
723 2839 786 2917 ipso
802 2838 975 2916 posteriora.
995 2839 1038 2899 lta
1057 2838 1119 2897 An.

113 2918 244 3003 praefati,
259 2918 310 2978 scd
327 2919 403 2980 ratio
416 2938 506 2997 quam
521 2920 689 2993 adducunt,
706 2923 826 2983 videtur
845 2940 906 2984 non
927 2923 1121 2995 convincere,

111 3004 215 3069 saltem
233 3002 423 3068 solummodd
437 3004 565 3083 probare
578 3006 700 3071 videtur
724 3024 778 3085 pro
795 3006 1001 3083 peccatisque
1021 3006 1124 3083 bapti-

111 3106 209 3152 smum
228 3089 390 3165 suscipiens
402 3096 469 3167 post
481 3089 660 3169 baptismum
678 3100 794 3170 patrare
806 3090 911 3161 veliet,
927 3088 1049 3148 sednon
1063 3106 1119 3167 pro

112 3181 229 3253 peccato
244 3171 512 3253 fictionis‚'nempe
523 3175 547 3238 si
561 3174 613 3235 itta
628 3176 786 3251 susciperet
800 3174 979 3258 baptismum
990 3172 1121 3235 existens

111 3259 143 3317 in
157 3257 275 3318 mortali
293 3256 358 3318 sine
373 3255 488 3319 dolore.
501 3261 562 3319 Nec
574 3260 617 3319 D.
634 3256 688 3319 ΤΙι.
700 3256 723 3318 ἱ.
733 3277 759 3319 o.
775 3258 847 3317 dicit
859 3265 1010 3337 peceatum
1022 3256 1118 3319 [ictin-

110 3339 157 3397 uis
181 3358 244 3397 esse
265 3339 419 3401 materiem
437 3342 611 3402 sacramenti
634 3342 838 3419 pmnitentiae,
861 3340 917 3403 sed
935 3339 1056 3403 tantum
1076 3344 1119 3404 ait

109 3417 189 3493 qnod
210 3422 284 3479 iliud
309 3440 363 3501 per
381 3424 585 3502 poenitentiam
609 3436 781 3486 removetur
804 3445 813 3483 a
835 3444 889 3505 per
911 3426 1115 3503 peonitentiam

109 3504 208 3555 autem
228 3503 269 3559 ibi
283 3505 314 3564 S.
329 3508 439 3567 Ductor
452 3508 583 3586 proiectd
597 3527 657 3571 non
671 3509 810 3588 intelligit
825 3511 1052 3586 consessionem,
1065 3512 1116 3573 sed

108 3572 241 3636 dolorem
254 3582 292 3641 de
306 3597 434 3665 peccam.
448 3591 509 3653 Noc
528 3592 628 3658 obstat
641 3603 736 3658 tantus
751 3596 794 3655 D.
804 3593 966 3680 Augustini
975 3636 987 3674 ,
996 3614 1065 3656 nom
1080 3606 1115 3655 ut
