2450 3975
232 224 305 304 Cap.
319 221 346 284 5.
360 222 406 284 De
416 219 549 284 Encbar.
559 230 595 284 ut
606 219 934 305 estsaorr'ficium.Dub.
950 230 979 290 b.
1060 231 1117 292 lib

103 321 203 404 stium)
223 327 322 407 pared
333 321 421 406 pallet
436 322 517 386 linea
530 369 538 398 ‚
552 324 617 386 tr'cm
635 324 697 388 oola
719 326 822 389 serr'oo.
838 329 932 408 Super
949 325 1011 391 cela
1032 331 1118 412 ponit

103 412 226 474 bursam
242 409 346 473 coloris
360 419 602 492 paramentorum
616 411 699 474 Intus
719 411 872 474 habentem
892 413 1042 497 corporale
1061 413 1119 496 pli·

103 503 214 556 cotom.
232 496 318 558 Unde
335 512 396 556 uon
408 495 483 559 bend
496 505 587 575 egunt
601 497 651 575 qui
669 505 751 558 extre
768 499 889 559 bursam
905 500 1041 562 deserunt
1055 517 1116 560 eor·

102 580 204 657 percle
218 621 227 654 ‚
240 586 276 640 ut
290 581 369 642 reete
381 581 424 642 eit
438 582 566 642 Garant.
580 580 614 640 ia
627 579 696 642 dict.
708 581 802 644 Ilubr.
814 583 866 643 ubi
878 583 968 644 refert
983 586 1015 645 S.
1024 583 1116 645 Pium

107 665 143 723 V.
157 662 339 743 dispensasse
352 685 420 725 curu
437 666 590 743 Hispanis,
601 676 635 727 ut
649 669 801 747 corporale
814 677 895 729 extra
908 669 1027 729 bursam
1038 671 1115 730 lerre

102 749 228 826 possint.
247 752 326 812 Dicit
338 760 437 811 eutem
456 749 547 811 Graia
560 771 593 812 n.
609 753 678 813 sto.
695 752 776 831 qubd
798 754 946 816 celebrere
958 757 1021 815 sine
1037 755 1114 828 velo,

102 834 222 910 quando
245 836 363 896 nullum
387 834 530 908 habetur,
554 845 677 898 nonest
700 847 871 917 peecatum,
899 857 968 900 nem
985 840 1113 912 velum,

100 921 340 1000 manutergium,
352 920 510 1000 pulvillum
528 923 569 982 cit
593 923 706 1000 requiri
734 924 851 986 tantum
868 925 907 986 ab
922 925 1110 987 decentiam:

100 1012 131 1062 et
145 1004 225 1066 idem
247 1015 345 1068 censet
358 1007 395 1066 de
407 1006 494 1066 bursc
506 1024 574 1098 cum
587 1009 704 1088 Sporer.
733 1079 735 1082 Α

139 1092 209 1154 596.
222 1127 262 1138 -
278 1119 293 1147 c
312 1096 394 1154 Xlll.
409 1095 523 1171 operto
544 1095 639 1172 eapite
664 1096 813 1156 celebrere
832 1115 892 1158 non
915 1098 1002 1171 lieet,
1023 1098 1115 1158 etium

101 1200 114 1227 ·
139 1177 171 1237 iu
197 1177 389 1250 infirmitate,
407 1178 471 1236 siue
496 1177 616 1238 licentis
632 1223 640 1250 ‚
657 1188 691 1240 ut
713 1180 820 1240 docent
845 1181 982 1262 Fapund.
1005 1184 1111 1262 Laym.

100 1290 113 1318 n
135 1262 230 1324 Dian.
242 1281 269 1323 r.
284 1265 346 1336 58„
363 1261 530 1340 etquidem
552 1265 668 1323 Summi
688 1264 858 1337 pontilicis,
877 1274 911 1326 ut
927 1284 962 1325 ex
983 1267 1117 1327 declara·

99 1377 114 1405 n
137 1351 220 1410 tione
236 1349 436 1409 Cardiualium
455 1355 562 1407 notant
584 1349 662 1409 Gao.
681 1356 709 1408 et
728 1348 830 1412 Tamb.
851 1349 887 1410 de
912 1349 1013 1432 enped.
1035 1369 1111 1413 sacr.

98 1461 113 1490 n
139 1433 192 1496 loe.
206 1435 255 1495 eit.
277 1433 346 1493 lieet
358 1436 462 1512 Lapm.
477 1440 506 1491 et
523 1434 599 1492 Scot.
614 1434 782 1512 Episcopis‚
798 1445 828 1496 et
848 1452 916 1496 eum
930 1437 1114 1514 regularibus

99 1546 114 1574 s
139 1537 243 1582 eorum
255 1519 384 1598 prmletis
397 1517 581 1595 permittunt.
601 1519 687 1592 Quod
705 1518 807 1582 Tamb.
824 1515 846 1580 l.
861 1539 885 1581 o.
900 1521 979 1581 reete
1005 1522 1113 1582 limitet

100 1630 114 1658 n
138 1604 176 1666 ed
186 1623 286 1665 casum
302 1603 502 1674 necessitatis,
517 1604 550 1663 in
563 1621 623 1682 quo
639 1605 674 1663 ad
689 1606 798 1683 Pupam
813 1605 939 1666 dillicilis
958 1607 997 1666 sit
1013 1625 1113 1666 recur-

99 1717 113 1744 »
138 1708 198 1751 sus.
214 1690 272 1764 Qui
293 1699 393 1749 tumen
407 1689 471 1749 siue
489 1690 575 1750 venia
592 1690 721 1761 feceret,
736 1709 805 1750 eum
819 1708 879 1750 non
898 1709 1018 1769 peceare
1039 1709 1114 1751 mor·

99 1803 113 1829 n
137 1777 257 1846 taliter,
273 1774 386 1834 secluso
399 1782 589 1852 contemptu,
600 1775 794 1847 enecandam,
808 1775 916 1835 volunt
933 1775 1067 1836 Ledesm.
1084 1784 1113 1836 et

98 1889 112 1918 n
142 1857 246 1922 I’amb.
264 1854 318 1919 loc.
331 1857 381 1919 eit.
398 1859 485 1933 Quod
498 1860 592 1919 Dian.
609 1878 643 1941 p.
657 1863 687 1920 2.
707 1867 729 1918 t.
742 1860 790 1920 ll.
806 1878 833 1919 r.
849 1861 911 1935 ts,
928 1871 1026 1923 censet
1043 1879 1113 1940 pro·

98 1972 112 2003 n
140 1944 256 2017 babilo,
276 1943 301 2004 si
320 1949 438 2023 tempus
458 1945 579 2005 cunonis
591 1945 764 2024 excipiatur.

136 2034 207 2094 597.
224 2062 263 2075 —-
277 2030 356 2091 Dub.
375 2034 404 2092 l.
418 2032 463 2091 Au
482 2031 521 2091 sit
537 2031 653 2091 licitum
673 2031 820 2093 celebrere
839 2034 934 2112 eapite
954 2038 1113 2115 coiiperto?

98 2122 220 2180 Certum
240 2122 284 2176 est
295 2114 352 2175 hoc
366 2134 425 2176 non
438 2115 528 2177 licere
546 2134 582 2175 er
595 2134 621 2175 c.
638 2114 750 2178 Nullus
763 2160 771 2189 ‚
782 2114 817 2177 de
832 2119 918 2180 Coros.
931 2118 1001 2181 dr'st.
1015 2123 1042 2180 l.
1060 2123 1111 2183 ubi

98 2206 230 2265 dicitur:
246 2199 358 2264 Nullus
379 2203 564 2283 Episcopus,
577 2201 748 2283 presbyter,
770 2212 825 2263 ant
841 2203 982 2266 diaconus
998 2223 1113 2285 prasu-

96 2296 163 2350 mat
187 2284 282 2348 oelato
304 2286 398 2368 capite
418 2284 512 2346 altari
532 2288 591 2347 Dei
613 2286 757 2347 assistere.
786 2288 905 2347 Accedit
932 2299 1112 2369 praeceptum

101 2375 215 2438 Urbani
231 2373 319 2435 VIII.
342 2373 375 2431 in
391 2372 499 2431 blisssli
514 2374 600 2431 Rom.
623 2374 811 2450 appositum,
826 2374 931 2451 inquo
951 2378 1112 2454 praescribi·

97 2469 148 2522 tur
160 2480 169 2519 r
183 2462 273 2519 Ilenro
291 2456 401 2517 anteat
414 2456 462 2516 nti
472 2454 581 2538 pileolo
595 2458 629 2517 r‘n
648 2454 837 2517 celebratione
853 2458 970 2531 missos,
984 2459 1048 2521 siue
1060 2478 1112 2523 eor·
1186 2470 1190 2481 '

95 2560 200 2626 pressa
223 2540 342 2602 licentia
363 2539 447 2601 Sedis
472 2539 658 2622 apostolicae,
679 2560 740 2603 nou
770 2542 903 2604 obstante
926 2548 1111 2624 quodcumque

97 2627 251 2690 corrtrario
272 2624 493 2687 cousuetudine.
513 2625 592 2686 Beue
607 2624 680 2687 verb
697 2634 779 2686 notet
797 2628 887 2686 Crou'o
901 2646 934 2687 n.
949 2630 1031 2703 tou,
1056 2630 1113 2713 hpe

95 2721 244 2793 precepto
257 2730 318 2771 non
335 2711 459 2788 obligari
473 2710 635 2771 Chinenses
643 2755 651 2785 ,
668 2712 746 2788 apud
759 2728 832 2788 quos
846 2720 944 2791 tegere
967 2724 1054 2793 caput
1067 2724 1112 2777 est

94 2800 214 2875 siguum
238 2794 383 2870 honoris,
399 2806 429 2855 et
453 2796 590 2872 detegere
611 2802 656 2855 cst
675 2796 887 2856 irreverentiae.
899 2792 1059 2861 An‘nutcm
1072 2802 1112 2863 sit

93 2882 221 2943 mortale
239 2879 334 2939 lacere
354 2882 477 2940 Sacrum
494 2896 562 2939 eum
585 2879 713 2958 pileolo,
725 2880 815 2960 vulgb
834 2882 912 2945 dieto
929 2883 1111 2948 bomettinot

92 2961 366 3044 Affirmuutdnpel.
386 2983 416 3024 o.
437 2966 552 3037 Messa,
573 2962 742 3026 etArmc'IIa
757 2964 818 3029 eod.
839 2968 930 3047 verb,
947 2972 1015 3049 quia
1033 2970 1111 3033 haue

91 3059 235 3130 reputant
252 3050 406 3110 materiem
425 3068 565 3129 gravem,
582 3049 650 3111 erim
663 3053 791 3131 graviter
809 3063 955 3133 repugnet
970 3073 1110 3116 reveren·

92 3137 143 3196 tiro
167 3134 358 3195 strumenti.
379 3138 472 3213 Negat
491 3134 563 3195 verb
593 3134 752 3213 ledesma,
771 3147 801 3198 et
827 3142 978 3218 probabile
1001 3140 1032 3199 id
1053 3159 1110 3217 pu·

94 3228 161 3281 runt
176 3218 271 3279 Dian.
293 3226 321 3279 et
333 3220 421 3299 Spor.
444 3239 495 3300 ap.
513 3220 602 3280 Graio
621 3240 654 3282 n.
666 3224 734 3284 400.
756 3224 813 3283 Sed
836 3242 897 3284 non
915 3224 1110 3299 probabiliter

97 3302 208 3382 Quarti
226 3323 258 3385 p.
272 3305 302 3363 2.
319 3310 341 3363 t.
365 3307 396 3363 il.
417 3300 486 3365 dub.
504 3306 533 3365 5.
549 3308 643 3387 Pasq.
663 3326 714 3388 qn.
733 3308 802 3368 826.
825 3315 854 3367 et
869 3306 973 3367 Escob.
988 3326 1020 3366 rt.
1037 3310 1106 3369 cst.

93 3408 163 3450 cnm
177 3384 281 3453 tittat.
295 3396 324 3449 ot
344 3391 455 3449 Fraac.
471 3390 567 3469 Lupo,
586 3400 694 3469 prester
714 3390 817 3453 Tamb.
840 3398 869 3449 at
883 3386 958 3451 alios
976 3410 1027 3473 op.
1043 3396 1109 3455 Ba-

91 3474 183 3536 somb.
207 3480 242 3533 ut
255 3489 323 3553 sap.
340 3472 548 3549 distinguunt,
562 3484 592 3534 et
609 3474 713 3534 dicunt
729 3492 791 3535 esse
812 3476 937 3534 mortale
960 3476 1109 3539 celebrere

94 3568 189 3621 totam
205 3557 323 3616 missam
337 3563 477 3635 cotiperto
495 3558 611 3635 capite,
629 3555 711 3616 sectis
730 3558 869 3635 eiusque
885 3557 922 3617 ed
943 3578 1106 3630 canonem,

92 3645 207 3705 secluso
229 3648 422 3722 contemptu,
448 3640 656 3721 ctsccnda103
675 3648 705 3705 et
725 3651 937 3722 consequenter
956 3646 1108 3723 probabile
