2450 3975
214 191 287 270 Cap.
301 187 331 247 5.
346 188 391 247 De
401 181 536 246 Ecebor.
549 189 586 245 ao
596 188 640 242 est
650 149 840 260 sacrificium.
854 179 933 242 Dab.
949 181 979 242 b.
1049 177 1106 238 275

97 291 282 371 collegiatus,
296 288 353 348 nisi
373 285 531 347 asservatio
556 283 745 344 Eucharistiae
761 282 802 342 ibi
830 291 904 342 esset
921 301 975 360 pro
987 280 1108 341 servitio

95 393 216 438 suarum
233 371 461 454 parochiarum,
475 371 569 430 abb.
583 369 666 428 Idem
685 368 782 446 quoad
799 368 937 426 Ecclesias
952 365 1109 426 confrater·

94 463 240 532 nitatum,
252 467 282 518 et
296 455 503 533 hospitalium,
519 471 551 514 c.
564 454 613 513 tto.
629 452 712 512 Idem
723 451 821 530 quoad
833 451 971 511 Ecclesias
980 451 1105 518 rurales,

92 554 146 609 aut
161 546 231 605 alias
251 544 329 602 intra
341 539 415 599 fines
432 537 597 616 parochiae,
613 557 646 599 a.
664 539 713 597 50.
726 545 755 598 ct
767 538 830 607 51,
841 537 897 596 uisi
913 545 987 596 essct
1007 535 1105 614 aliqua

92 631 217 696 Ecclesia
239 627 338 689 filialis
361 623 524 704 parochiae,
545 632 575 684 ct
595 623 708 684 adesset
738 623 779 682 ibi
805 621 987 683 consuetudo
1013 638 1106 680 asscr-

95 717 187 778 vandi
216 717 456 779 Sacramentum,
482 727 516 769 ac
533 709 687 772 necessitas
714 707 751 768 ad
779 706 991 771 consulendum
1017 705 1104 764 saluti

90 803 258 864 animarum
271 841 280 869 ,
292 804 328 856 ut
343 795 385 855 ait
403 802 434 854 et
449 793 554 872 probat
569 797 660 854 Petra
673 811 706 856 a.
721 794 771 854 28.
794 793 925 852 Tandem
946 790 1104 850 declaravit

91 884 307 950 BeneXmV.
333 883 365 940 in
385 879 483 951 bulla,
505 878 648 953 Quamvis
657 878 760 960 justo,
781 886 831 939 cle.
848 877 915 936 data
935 879 973 937 50
995 876 1103 955 Aprilis

91 973 182 1034 1749.
210 969 238 1048 S.
262 967 312 1028 ib.
338 965 388 1042 jus
413 964 561 1024 retinendi
590 964 803 1024 Eucharistiam
829 962 974 1042 privative
1007 959 1101 1040 perti·

91 1056 167 1118 nbre
193 1054 230 1114 ad
262 1051 457 1122 Pontificem,
480 1057 517 1109 at
544 1047 687 1109 canoniea
719 1048 782 1126 (ait)
802 1047 882 1109 docet
912 1046 1100 1127 disciplina,

81 1141 180 1222 iccata
208 1155 300 1218 quara
333 1132 528 1197 Embariatia
552 1132 587 1199 io
620 1130 783 1208 Ecclesiae,
820 1150 887 1214 aaa
919 1130 1102 1211 parochiales

42 1293 46 1298 ,
89 1243 153 1286 aloa
167 1228 273 1292 -smct,
296 1217 421 1280 retineri
446 1236 507 1278 oon
527 1225 624 1298 potest
645 1217 753 1296 absque
783 1214 1098 1298 apostolico·iadallo,

87 1306 136 1369 acl
162 1302 371 1368 consuetudine
407 1298 636 1363 immemorabili
657 1299 719 1379 (seu
741 1303 925 1372 centenaria,
949 1319 1009 1360 non
1029 1299 1101 1360 verb

54 1452 58 1457 .
88 1390 347 1471 quadragenaria,
369 1397 404 1448 ut
425 1388 531 1465 probat
556 1390 648 1446 Petra
674 1404 706 1447 a.
737 1386 812 1463 bb),
840 1404 906 1466 qaae
932 1382 1103 1466 bajasmodi

86 1473 202 1540 indulti
219 1473 479 1554 proemcrrptioacm
490 1469 615 1532 inducit.
629 1471 765 1532 Advertit
780 1475 880 1532 autem
898 1473 989 1531 Petra
1005 1489 1037 1532 a.
1050 1471 1098 1530 52.

87 1561 169 1641 qubd
184 1558 252 1621 lieet
264 1559 340 1618 adsit
358 1557 602 1618 immemorabilis
623 1557 803 1618 consuetudo
817 1557 848 1616 in
866 1558 963 1634 aliqua
977 1559 1100 1618 Ecclesia

88 1643 256 1708 asservandi
283 1645 527 1712 Sacramentum,
555 1641 617 1718 ipsa
645 1651 827 1702 tamennon
857 1642 1051 1720 suffragatur,
1075 1641 1099 1700 si

88 1737 205 1794 constet
216 1729 254 1790 ab
268 1727 355 1788 initio
367 1726 457 1786 fuisse
469 1734 649 1785 asservatum
665 1745 701 1784 ex
716 1727 776 1785 sola
798 1727 916 1787 lieentia
928 1727 1097 1788 Ordinarii:

87 1815 231 1896 possessio
245 1813 326 1874 enim
341 1813 391 1872 illa
404 1809 528 1872 minime
538 1814 634 1882 valet,
649 1809 717 1870 caim
735 1813 889 1888 proveniat
903 1831 939 1872 ex
952 1813 1039 1874 titulo
1059 1814 1101 1874 in·

87 1905 186 1976 lacto,
200 1907 230 1958 et
246 1899 286 1958 ita
310 1896 440 1958 decrerit
461 1897 493 1955 S.
507 1897 542 1955 C.
566 1896 683 1955 concilii
707 1896 739 1954 in
765 1897 953 1974 Neapolitana
974 1901 1013 1960 28
1027 1902 1098 1962 lulli

89 1985 177 2049 1708.
194 1986 316 2062 insuper
339 1981 514 2053 sciendum,
537 1979 617 2059 quod
638 1979 743 2041 bSede
758 1983 912 2060 apostolica
929 1982 1098 2063 hujusmodi

87 2070 206 2133 lieentia
227 2086 382 2145 nunquam
404 2066 577 2127 conceditur
600 2084 655 2143 pra
679 2068 815 2129 oratoriis
836 2070 957 2148 privatis
970 2118 978 2145 ,
991 2083 1022 2134 et
1043 2092 1098 2153 pra

88 2153 209 2234 capellis
231 2152 399 2227 ruralibus,
422 2152 478 2211 nisi
501 2158 577 2211 essct
604 2152 712 2212 alicubi
730 2153 833 2231 populi
862 2174 1042 2233 concursus,
1069 2169 1099 2221 et

87 2239 227 2302 distantia
242 2235 428 2313 iparochia3
446 2237 486 2296 ita
501 2240 593 2297 Petra
604 2256 637 2296 a.
660 2238 709 2297 57.
729 2246 758 2297 ct
771 2240 821 2297 58.
837 2240 894 2311 Qui
908 2240 1029 2302 demum
1046 2244 1113 2315 od·,

88 2325 194 2398 vortit,
207 2321 257 2398 jus
274 2321 421 2381 retinendi
442 2322 537 2382 claves
558 2322 738 2381 tabernaculi
760 2322 905 2399 privative
917 2336 1047 2404 spectare
1061 2331 1098 2392 ad

88 2405 272 2490 parochum3
300 2405 391 2483 idque
413 2424 474 2468 noe
504 2407 738 2483 permittendum
767 2407 967 2482 monialibus,
1002 2432 1099 2493 neque

87 2494 188 2569 laicis,
206 2492 296 2551 etiam
317 2491 348 2550 in
371 2490 444 2550 seria
462 2492 566 2568 quinta
587 2493 684 2551 Coeuae
711 2491 850 2560 Domini,
871 2495 928 2554 nisi
961 2497 1037 2558 adsit
1065 2500 1097 2561 in

87 2580 188 2657 aliquo
212 2577 276 2637 loeo
298 2576 542 2637 immemorabilis
570 2577 775 2649 consuetudo,
803 2595 893 2655 quam
916 2581 1097 2647 tolerandam

86 2668 259 2724 msceenset
274 2657 464 2740 Placatellaa
476 2706 485 2732 ,
495 2670 525 2721 et
536 2670 662 2721 testatur
682 2662 723 2721 sic
737 2662 848 2722 servari
865 2663 895 2722 in
910 2666 1099 2744 llispania‚ct

87 2750 222 2824 inrcgno
235 2744 352 2814 Sicilia,
361 2763 394 2804 ac
409 2746 709 2823 ctiamlleapolitanm
723 2744 1097 2817 aichatr.ib.milll.adbt.

128 2833 252 2907 Insuper
276 2828 440 2895 notandum
464 2848 501 2889 cx
522 2828 640 2890 decreto
663 2832 693 2891 S.
712 2832 744 2891 C.
768 2832 891 2893 Rituum
910 2835 966 2895 sub
989 2839 1037 2899 die
1058 2842 1098 2902 15

87 2914 238 2993 Septemb.
248 2914 335 2973 7757.
343 2915 421 2991 apud
433 2917 542 2975 dierat.
551 2913 632 2991 qubd
643 2914 674 2974 in
687 2916 894 2978 communione
904 2921 1106 2985 ministranda·

86 2998 265 3062 monialibus
278 3016 339 3058 non
351 3006 396 3069 est
406 2998 501 3059 danda
513 2999 678 3059 benedictio
694 3019 761 3060 cam
774 3002 882 3079 pyxide
897 3003 914 3064 ὸ
928 3006 1096 3085 fenestella,

85 3083 138 3145 sed
150 3080 266 3143 matum
279 3100 348 3141 eum
360 3082 479 3142 dextera
491 3100 581 3141 manu
594 3126 603 3154 ,
618 3084 730 3144 etiamsi
744 3084 784 3144 ibi
803 3086 841 3144 sil
857 3106 985 3165 praesens
996 3094 1096 3153 Sacra.

87 3176 234 3229 mentum.
259 3168 333 3228 Item
357 3165 438 3243 quod
456 3166 611 3239 sacerdos,
633 3168 834 3242 descendendo
858 3172 895 3230 ab
915 3174 1001 3234 altari
1027 3194 1095 3239 curn

86 3254 214 3331 pyxide,
234 3269 296 3311 non
316 3268 368 3329 per
395 3252 529 3311 laterales
556 3253 683 3330 gradus,
713 3254 763 3315 scd
789 3257 952 3317 anteriores
975 3256 1095 3321 desecu-

87 3338 160 3397 dere
181 3336 279 3395 debet.
300 3334 445 3396 Praeterea
467 3337 700 3411 advertendum,
721 3336 802 3416 qubd
819 3340 951 3399 Pontifex
966 3339 1095 3407 Clemens

85 3420 481 3500 X111.prcccepitomnibus
492 3422 653 3483 Dominicis
668 3425 699 3483 in
716 3424 802 3481 missa
820 3421 972 3485 dicendam
988 3420 1064 3505 praei
1079 3460 1094 3477 ·

87 3503 262 3653 tlipnenp'de
281 3505 334 3566 SS.
350 3503 516 3582 Trinitate,
539 3504 630 3566 modii
649 3524 709 3565 non
728 3504 803 3566 adsit
819 3506 950 3584 praelatio
972 3513 1093 3591 propria

86 3604 169 3649 rcus
212 3606 263 3649 aar.
