2450 3975
138 170 196 233 soo
375 168 441 233 ro.
455 171 486 231 o.
504 169 602 235 nor.
619 170 705 231 em
715 165 900 251 pensiero.

134 270 207 334 dum
222 271 388 352 oppositum
400 288 469 333 oum
481 272 626 333 sententio
637 271 786 333 eommuni
796 314 805 341 ,
816 289 907 349 quom
924 270 1138 340 minnistin.

134 374 167 417 rr.
182 357 211 417 8.
223 358 327 436 Lepre.
341 374 368 417 o.
380 360 412 419 4.
428 376 461 418 rt.
475 357 503 417 t.
520 357 606 417 Cone.
617 374 650 436 p.
667 356 717 416 66.
732 373 765 414 n.
779 353 809 416 7.
823 357 913 416 doen.
932 354 1053 418 desner.
1060 379 1136 440 pon.

136 442 201 517 coi.
216 442 283 501 42.
295 459 326 523 q.
337 442 405 504 itt.
418 459 448 500 o.
464 442 492 501 tt.
509 448 537 500 et
551 441 580 500 5.
593 458 624 520 ρ.
637 459 666 521 q.
681 440 732 501 87.
747 458 778 499 o.
792 441 822 500 4.
835 437 923 501 Holz.
932 459 964 500 rr.
975 441 1045 501 449.
1053 444 1136 522 Spor.

132 542 165 585 rt.
177 527 223 587 89.
240 524 329 588 Croio·
341 546 374 587 rr.
389 528 457 587 757.
471 533 499 585 et
512 521 596 586 rttet
611 544 643 607 p.
656 527 726 587 949.
740 544 773 586 ιι.
788 524 839 586 79.
850 543 916 586 ouri
927 527 1015 600 Soto‚
1029 531 1136 590 Mostr.

131 616 161 670 st
175 606 245 671 aliis
258 612 381 692 poesim.
396 611 504 670 Omnes
523 607 555 668 hi
576 608 683 671 docent
699 628 760 671 non
778 628 842 669 esse
859 610 980 686 quidem
997 630 1072 690 opus
1086 615 1137 675 od·

131 690 234 756 othere
252 696 289 755 od
304 696 417 775 singulo
432 701 547 774 peecata
562 694 693 772 singulos
708 702 790 754 notos
806 694 934 765 doloris,
951 696 1030 773 quod
1045 697 1136 777 Gojet.

131 776 203 839 dicit
217 780 280 840 iore
297 780 474 853 ridienlum3
495 794 550 839 nee
569 778 682 857 requiri
695 822 704 849 ,
716 786 751 837 ιιι
763 777 848 837 dolor
864 778 1008 840 reseretur
1020 781 1058 840 nd
1071 800 1136 859 peo-

130 868 193 923 ostn
212 861 347 925 distincti
366 862 541 940 recogitata,
558 862 609 922 sed
627 862 761 923 sufficere
778 860 816 921 de
831 862 970 923 omnibus
987 865 1137 927 universo-

129 945 199 1008 liter
221 948 374 1026 poenitbre.
397 950 433 1007 Et
455 944 530 1008 hene
549 948 725 1007 sententiam
744 948 786 1006 D.
805 944 951 1023 Thomas,
973 947 1044 1010 lieet
1065 951 1135 1011 olibi

128 1031 309 1093 eontrarium
323 1031 369 1109 (ut
382 1030 457 1091 iniri
468 1031 609 1109 dicemus)
620 1031 754 1091 videntur
765 1030 895 1091 indionre
905 1076 914 1102 ,
925 1041 1024 1093 temen
1034 1034 1067 1094 in
1078 1038 1134 1115 Op.

127 1112 163 1175 ds
175 1113 301 1176 Veritote
309 1134 338 1197 q.
347 1116 396 1176 99.
408 1133 439 1175 o.
448 1117 476 1176 b.
486 1113 525 1176 nd
535 1117 563 1176 4.
575 1114 711 1194 expressi
725 1114 827 1187 doeet,
842 1116 885 1176 sio
897 1115 1013 1177 dicens:
1028 1121 1136 1181 omnio

126 1206 245 1280 peccora
261 1199 439 1261 conveniunt
450 1199 484 1260 in
497 1198 647 1261 aversione
661 1200 770 1274 (ψει),
782 1198 898 1260 ratione
913 1200 999 1281 eujus
1006 1202 1136 1283 pretinm

126 1283 310 1367 impediunt3
327 1285 406 1348 unde
423 1286 464 1347 od
473 1284 715 1368 justificationem
734 1302 795 1345 oon
815 1284 995 1366 requiritur,
1012 1287 1092 1367 quod
1102 1289 1136 1351 in

126 1366 1137 1537 ittirtdtidddtt“d‘',i‘t‘rt‘itttbtt‘tt

126 1554 244 1599 oosrsns
254 1539 353 1598 dDeo.
364 1536 540 1619 Reeopitotio
552 1544 652 1597 ortem
663 1534 848 1615 sinpoiorom
859 1546 1044 1617 peecatorum
1054 1538 1137 1601 debet

125 1619 171 1682 oei
185 1621 363 1703 precedere,
385 1620 431 1683 oet
452 1619 557 1683 saitem
574 1620 659 1703 sequi
672 1620 926 1703 justificationem.
950 1625 1085 1703 Intellige
1103 1626 1135 1686 in

125 1706 230 1767 ordine
245 1708 282 1768 ed
295 1706 550 1785 justificationem,
562 1714 597 1766 ut
616 1704 695 1767 recti
713 1706 860 1783 explicent
874 1707 964 1769 Sonr.
984 1708 1093 1781 croix,
1106 1718 1136 1770 et

110 1787 192 1866 otii.
212 1792 294 1853 idem
308 1793 408 1854 docuit
423 1790 538 1853 Coteeis.
550 1792 637 1852 Rom.
650 1788 678 1871 S.
697 1791 727 1851 ὅ.
745 1791 797 1852 ubi
808 1792 942 1868 quamvis
958 1795 1135 1857 anteceden-

124 1883 171 1935 ter
191 1874 348 1950 hortetur,
362 1886 395 1937 ut
407 1882 542 1956 peccator
553 1893 606 1936 sus
621 1876 746 1937 crimino
768 1876 939 1954 singulatim
959 1877 1134 1952 detestetur,

123 1966 223 2019 ιιιιιοιι
240 1959 351 2020 ibidem
370 1959 413 2021 sio
431 1959 551 2021 subdit:
564 1958 686 2021 Isenim
698 1960 815 2040 (Deus),
827 1958 894 2023 otim
905 1968 1014 2024 nostrie
1024 1959 1135 2025 soloti

122 2042 329 2123 cupidissimus
340 2043 400 2118 sit,
413 2042 530 2106 nollem
539 2063 654 2108 rnorem
666 2046 708 2108 od
719 2046 904 2109 tribuendam
919 2047 1037 2110 reniam
1047 2049 1136 2112 nobis

122 2129 305 2212 interponit,
328 2129 379 2194 sed
397 2139 575 2212 peecatorem
596 2136 726 2212 patemo
747 2130 891 2198 etodtote
911 2132 1132 2216 complectitur,

121 2213 320 2298 timebatque
335 2234 365 2278 se
381 2211 525 2298 eoiteperit
532 2261 543 2294 ,
558 2223 587 2276 et
598 2215 734 2278 universi
750 2223 869 2298 perroto
884 2235 941 2280 suo
955 2217 1131 2294 nosnos,

121 2317 189 2381 prro
207 2299 310 2363 deinde
330 2297 392 2364 olio
412 2309 536 2383 ternpore
548 2303 587 2382 (si
597 2299 729 2383 sortitos
745 2301 813 2380 erit)
830 2300 952 2383 sinonis
969 2303 1004 2363 in
1017 2321 1134 2377 ,mmo-

119 2382 199 2447 riom
216 2385 348 2448 redmere
367 2385 413 2466 (id
424 2395 468 2448 εει
480 2386 518 2447 od
536 2386 750 2467 confitendum)
767 2405 803 2449 oe
822 2385 964 2450 detesteri-
979 2385 1013 2447 in
1028 2387 1133 2453 animo

120 2467 246 2545 bobert,
265 2471 306 2534 od
318 2474 415 2533 Deum
430 2489 461 2535 se
473 2475 656 2536 converterit.

159 2557 227 2618 iiaeo
249 2558 393 2619 sententio
417 2557 560 2637 probator
584 2559 613 2618 i.
635 2557 772 2619 exilio:
794 2554 936 2638 Impietas
957 2555 1048 2637 impii
1068 2575 1133 2620 rtoo

118 2641 231 2702 nocebit
251 2641 299 2716 ei,
320 2643 354 2702 in
373 2659 556 2723 quorumque
576 2640 624 2703 die
645 2659 798 2704 conversus
818 2637 924 2719 fuerit.
945 2639 1056 2702 Eeeeir.
1076 2643 1131 2704 55.

119 2725 204 2788 Unde
220 2725 295 2787 dixit
310 2726 343 2786 S.
358 2727 436 2802 Leo,
453 2726 552 2808 Epist.
565 2728 616 2787 st.
630 2744 656 2787 e.
668 2729 698 2786 4.
713 2724 801 2805 Apud
818 2728 916 2784 Deum
929 2720 1030 2785 nutias
1047 2725 1132 2804 poti·

119 2817 169 2872 tur
185 2825 285 2870 moros
299 2827 369 2870 oero
388 2810 545 2872 conversio.
562 2813 598 2871 Ει
610 2812 643 2872 S.
654 2812 704 2872 Jo.
720 2809 867 2889 ctrpoost.
877 2809 978 2889 Epist.
991 2811 1132 2871 blisum

118 2889 434 2976 promotionemque,
446 2892 606 2972 quemlibet
617 2893 703 2976 'breoi
719 2902 845 2973 tempore
858 2902 970 2974 pestem
980 2895 1130 2975 poeniten·

119 2978 195 3042 tiam
217 2997 278 3040 oon
298 2997 441 3059 respuere.
457 2979 601 3039 Probatur
618 2981 649 3039 9.
667 2979 841 3040 notionibus.
858 2979 944 3040 Retio
966 2979 1061 3057 primis
1080 2989 1130 3040 est

116 3065 167 3127 ille
191 3082 280 3144 quom
305 3061 393 3141 sopri
418 3061 503 3123 offert
525 3065 567 3124 D.
593 3062 741 3136 Thomas,
765 3081 893 3141 nempe,
916 3060 985 3122 erim
1007 3072 1130 3139 peceato

116 3149 274 3211 consistent
290 3148 322 3208 in
336 3147 487 3208 eversione
502 3145 519 3208 i
533 3149 595 3208 Deo
604 3193 614 3224 ,
634 3147 743 3208 sufficit
760 3147 798 3207 nd
812 3151 936 3226 gretiam
952 3162 1130 3223 reeupernn·
1168 3214 1172 3232 ἱ

115 3232 200 3310 dom,
223 3242 258 3293 ιιι
275 3241 481 3312 potentorper
501 3249 596 3293 unum
617 3232 803 3294 contritionis
818 3239 915 3290 omnm
933 3239 1129 3292 eonvertatur

115 3316 153 3373 ad
172 3317 286 3391 Deum3
301 3317 325 3376 si
345 3317 426 3377 enim
439 3325 574 3394 peoestor
593 3335 648 3396 per
667 3317 793 3396 primam
815 3313 1035 3375 conversionem
1054 3333 1129 3394 gre·

115 3397 185 3452 tiam
199 3415 260 3456 non
272 3410 477 3478 recuperaret,
494 3410 667 3478 sequeretur
684 3399 763 3478 qudd
784 3399 889 3459 eodem
909 3406 1043 3477 tempore
1058 3401 1129 3479 ipso

112 3485 187 3562 esset
211 3496 389 3554 conversus,
415 3493 445 3544 et
468 3503 596 3545 eversus.
625 3487 790 3553 Promea,
811 3479 881 3542 eirm
908 3490 1042 3561 peccator
1066 3499 1127 3560 per

113 3568 244 3622 primum
265 3571 364 3625 aetum
386 3584 418 3628 se
434 3569 580 3634 convertit
600 3567 636 3631 ad
649 3569 761 3642 Deum,
782 3563 859 3629 nihii
879 3568 908 3628 ei
928 3567 1024 3629 obstet
1045 3584 1125 3644 quo-
