2450 3975
191 230 266 311 Cap.
275 231 304 290 ἱ).
316 228 361 289 De
373 225 497 308 subjecto
509 222 716 287 auctoratis.
729 223 809 286 Dob.
822 226 851 287 ἓ.
863 225 926 286 Art.
937 228 967 287 l.
1047 231 1086 289 75

74 341 217 411 gravatur
241 328 404 409 poenitens,
424 333 503 387 caret
529 325 612 386 omni
635 331 777 402 potestate
796 343 884 405 super
905 328 976 403 illo,
1004 329 1086 391 uuile

73 419 150 476 sieut
162 433 225 476 non
241 420 337 492 potest
349 410 441 472 dividi
456 410 600 471 absolutio
617 410 655 470 ad
668 410 880 477 remittendum
898 430 992 475 uuum
1015 431 1085 493 pec·

72 507 172 560 catum
186 500 251 573 sine
265 498 322 557 alio
334 541 343 567 ,
357 497 396 555 ita
417 513 471 556 nec
487 494 639 555 consessio.

110 581 247 645 Seramdo
266 583 411 643 sententio
436 579 507 642 verb
538 578 740 657 probabilior,
763 589 794 643 et
819 582 1080 661 communissima,

74 684 163 747 quam
178 677 281 728 tenent
304 668 394 727 Scor.
415 660 485 727 Pol.
507 663 583 726 Vivo
595 660 628 724 il.
645 683 686 724 aa.
701 667 787 726 Cone.
820 674 843 727 t.
856 667 887 727 8.
905 684 937 745 p.
958 669 1026 731 548.
1047 690 1080 730 n.

72 758 122 815 32.
134 758 257 833 Lepon.
272 753 321 813 87.
336 751 387 828 qui
401 767 590 811 communem
609 756 704 825 vocat,
718 761 748 810 et
758 748 852 812 Solm.
866 749 902 811 de
913 751 1080 833 aucupa.

70 859 96 901 e.
112 842 141 901 7.
157 856 190 899 rt.
204 838 252 897 56.
267 854 333 896 euna
355 838 426 895 Coa.
443 838 513 914 Ray.
524 832 593 894 Led.
611 840 642 893 et
659 835 828 907 communi,
848 844 883 895 ut
898 837 987 898 etiam
1006 856 1082 899 asse-

70 929 159 995 runt,
173 921 260 982 docet
274 920 353 980 hunc
364 918 488 981 omniub
500 916 594 978 teneri
604 917 642 978 ad
653 920 874 980 consessionem.
885 921 987 991 Ratio,
1000 925 1079 999 quia,

70 1007 140 1069 edm
169 1014 273 1083 urgeat
299 1012 479 1084 praeceptum
498 1002 634 1063 divinum
652 1002 850 1080 praemittendi
871 1004 1081 1086 contessionem

69 1090 275 1152 communioni
288 1132 296 1160 ,
307 1089 395 1149 debet
408 1087 472 1149 fieri
489 1087 630 1147 consessio
648 1088 752 1148 saltem
770 1088 932 1153 formaliter
953 1090 1079 1171 integra,

1 1198 2 1203 ¹
68 1176 94 1237 si
108 1194 170 1236 non
195 1175 286 1253 possit
304 1172 368 1233 fieri
382 1174 496 1251 integra
516 1173 719 1233 materialiter.

107 1261 207 1333 Quaer.
219 1261 259 1318 11.
272 1260 317 1317 An
332 1256 381 1317 bic
396 1255 604 1336 praemittendo
625 1255 854 1328 consessionem,
869 1267 1004 1323 teneatur
1015 1280 1081 1326 con·

66 1342 149 1405 {iteri
166 1350 228 1403 tam
241 1343 377 1403 mortalia
392 1359 452 1401 non
464 1346 631 1413 reservata,
644 1340 732 1418 quam
745 1348 913 1402 reservata?

115 1428 223 1489 Primo
241 1424 387 1487 sententio
407 1424 553 1496 affirmat,
570 1433 602 1484 et
622 1424 698 1485 hanc
725 1432 829 1485 tenent
850 1427 940 1488 Suor.
979 1430 1079 1507 Vivo,

68 1513 159 1575 Cone.
173 1514 286 1572 Bonae.
312 1519 341 1571 et
360 1506 453 1571 Satn.
481 1505 513 1568 lt.
540 1527 579 1569 cc.
603 1528 671 1570 cunt
686 1506 758 1569 atti.
787 1510 919 1591 Naqoo,
938 1514 1030 1589 Soto,
1049 1526 1080 1578 et

65 1596 145 1656 hanc
166 1613 227 1657 csse
248 1596 319 1655 satis
343 1611 532 1655 communem
552 1594 661 1655 fatetur
674 1594 757 1674 lupo
774 1613 807 1655 rt.
821 1596 872 1655 87.
894 1599 1013 1661 Nullam
1035 1610 1096 1662 ta·

65 1698 138 1741 men
155 1680 268 1757 praelati
284 1679 346 1739 ΑΛ.
362 1679 507 1739 rationem
529 1695 584 1757 pro
608 1677 664 1739 bac
687 1680 832 1739 sententia
857 1681 1011 1758 prebeut3
1028 1687 1080 1746 sed

64 1764 187 1824 videtur
205 1762 270 1823 haec
291 1762 410 1841 assigari
432 1780 534 1839 posse,
560 1780 667 1839 nempe
691 1763 762 1839 quia
780 1762 971 1826 confessarius
992 1767 1081 1830 debet

63 1866 223 1929 agnoscere
237 1854 330 1917 totam
349 1847 519 1924 poenitentis
530 1847 753 1920 conscientiam,
766 1852 803 1905 ut
817 1846 952 1909 debitum
972 1851 1080 1914 iormct

58 1933 230 2014 judicium,
248 1948 287 1992 an
299 1932 350 1993 illc
362 1932 400 1993 sit
413 1949 502 2010 capax
522 1930 734 2005 absolutionis,
747 1930 795 1993 vcl
815 1949 897 2009 noo,
916 1933 993 2001 forte
1008 1943 1078 2020 qula

61 2028 108 2082 ast
128 2019 277 2078 recidivus
290 2016 322 2077 in
337 2017 500 2078 reservatis.

1 2129 2 2132 ¹
101 2100 239 2165 &mitada
252 2101 398 2163 sententio
423 2099 494 2160 verb
515 2119 576 2162 non
599 2100 700 2163 minias
722 2102 906 2181 probabilis,
923 2105 985 2170 imd
999 2109 1077 2175 iortd

63 2187 264 2268 probabilior,
284 2193 371 2263 negat
391 2181 472 2245 bunc
489 2186 585 2246 teneri
606 2204 711 2265 perse
731 2186 769 2248 ad
792 2189 1004 2253 contessionem
1028 2213 1078 2256 re·
1184 2220 1188 2226 ’

61 2279 247 2332 servatorum
260 2292 269 2347 ;
283 2279 314 2330 et
333 2268 409 2328 hanc
424 2278 527 2330 tenent-
538 2266 607 2331 Pol.
633 2289 666 2350 p.
682 2272 731 2332 la.
744 2289 777 2330 rt.
801 2273 831 2331 6.
855 2268 942 2333 abel
957 2294 990 2334 a.
1006 2280 1075 2340 loa.

64 2357 138 2415 item
150 2355 283 2428 Goson,
297 2349 396 2412 Aleos.
409 2360 439 2412 et
452 2354 586 2433 Castrop.
603 2372 652 2432 op.
663 2355 744 2434 Lupo
757 2354 787 2416 d.
805 2357 851 2415 tt.
865 2373 950 2418 uum.
963 2360 1012 2421 86.
1024 2363 1075 2441 qui

63 2438 249 2519 probabilem
269 2445 368 2497 censet
387 2454 454 2498 curn
474 2436 586 2517 Major,
613 2440 695 2498 Pctr.
714 2439 801 2514 Soto,
820 2441 851 2500 S.
873 2442 945 2502 Ant.
960 2442 1029 2506 Led.
1048 2455 1077 2508 et

61 2519 164 2585 Solos.
190 2523 295 2593 Ratio,
320 2518 473 2598 tdm‘quia
489 2521 558 2581 alids
576 2520 626 2582 hic
646 2528 798 2583 teneretur
816 2523 862 2584 bia
884 2534 999 2601 peccata
1025 2531 1076 2590 illa

61 2613 210 2669 reservata
227 2605 381 2675 confiteri,
395 2602 494 2683 primb
514 2605 665 2679 inferiori,
678 2606 816 2685 deinceps
831 2610 977 2685 superiori
991 2610 1076 2686 ,tdm

60 2693 156 2770 quia,
175 2697 209 2750 ut
227 2688 317 2768 supra
333 2688 444 2751 dictum
462 2697 527 2763 est,
544 2691 625 2751 nulla
638 2691 757 2751 videtur
770 2708 831 2748 asse
847 2691 987 2769 obligatio
1005 2713 1076 2759 con·

58 2776 167 2838 fitendi
194 2781 311 2854 peccata
339 2774 411 2847 illa,
434 2791 523 2854 super
543 2777 652 2854 quibus
670 2774 861 2835 confessarius
884 2780 989 2856 nequit
1014 2801 1075 2848 ease

1 2911 2 2916 ,
55 2860 174 2942 judex,
191 2859 261 2921 caim
274 2843 387 2920 nuliam
401 2878 490 2939 super
502 2861 545 2921 eis
559 2859 796 2937 jurisdictionem
808 2858 923 2923 babeat.
944 2867 1010 2926 Dixi
1020 2885 1076 2947 per

56 2965 109 3024 se,
131 2963 193 3005 non
215 2944 320 3006 dubito
337 2945 419 3005 enim
445 2946 519 3024 quin
540 2947 606 3008 talis
631 2947 779 3026 poenitens
799 2947 978 3026 ailquando,
1003 2953 1073 3029 puta

56 3032 106 3110 (ut
123 3029 267 3107 diximus)
291 3029 315 3090 si
329 3029 369 3089 sit
392 3030 539 3090 recidivus
551 3031 583 3090 in
604 3031 778 3104 reservatis,
805 3033 853 3093 vel
870 3034 902 3094 in
924 3036 1074 3096 occasione

58 3116 196 3197 proxima
216 3115 387 3186 recidendi,
410 3121 546 3177 teneatur
559 3117 647 3178 ctiam
672 3123 818 3179 reservata
844 3119 978 3180 infcriori
1005 3139 1074 3198 apc-

57 3202 141 3274 rire,
155 3209 188 3260 ut
217 3200 411 3260 confessarius
438 3198 476 3259 de
497 3217 549 3261 sua
570 3200 763 3280 dispositione
787 3201 970 3279 rectepossit
990 3201 1074 3278 judi-

59 3303 126 3346 carc
137 3329 146 3357 ,
158 3286 209 3347 sed
222 3284 279 3346 hoc
294 3292 368 3344 essct
384 3283 505 3367 quidem
523 3302 577 3364 per
591 3285 723 3346 accidens
739 3301 821 3355 ‚non
843 3291 942 3344 numm
956 3302 1010 3361 pcr
1022 3303 1071 3361 se,

58 3370 122 3428 sivc
138 3385 175 3428 ex
186 3369 367 3446 obligatione
379 3368 556 3446 integritatis
564 3369 752 3433 consessionis
764 3411 772 3443 ,
784 3366 854 3430 ciam
865 3384 901 3428 eo
918 3384 984 3429 casu
997 3368 1073 3435 berre

1 3509 3 3522 ‚
57 3451 185 3512 sulliciat
200 3453 353 3530 integritas
366 3451 508 3514 lormalis.

95 3537 199 3610 Qtroer.
224 3537 278 3594 lll.
300 3535 379 3609 Quid
396 3536 421 3594 si
442 3537 587 3615 paenitens
611 3534 717 3597 habeat
740 3536 1072 3599 excommunicationem

55 3624 266 3683 r‘ascraatam?
289 3622 369 3698 Alii,
386 3627 421 3682 ut
434 3622 497 3686 Sot.
511 3620 592 3703 Sptc.
613 3619 875 3689 eucnemon.
894 3621 977 3702 opud
994 3625 1069 3700 tuq.

100 3709 189 3770 Tom.
215 3708 271 3771 Vl.
895 3709 913 3764 7
