2450 3975
351 171 423 253 Cap.
439 167 855 235 t.Decontritionc.Dnt.t.
1042 172 1099 235 519

96 286 182 345 Saar.
208 279 284 360 disp.
313 280 362 341 20.
385 285 453 340 sect.
477 280 507 339 t.
523 296 555 339 n.
571 279 621 339 51.
634 280 714 340 Bon.
735 287 817 359 part.
844 281 875 343 2.
888 298 922 342 n.
944 280 994 342 18.
1014 282 1097 363 Lupo

96 368 163 429 dist.
178 368 226 427 to.
243 385 275 425 n.
293 366 341 425 tu.
357 365 437 425 Noa.
455 366 543 425 Man.
557 382 582 424 c.
600 366 630 423 1.
643 382 676 424 n.
694 366 745 425 22.
757 360 876 427 Hoinm.
890 385 924 426 n.
938 368 1007 431 too.
1024 367 1096 427 item

96 450 161 513 Dic.
177 446 239 511 Tol.
257 446 325 508 ortt.
341 447 453 529 Major,
467 448 558 509 Henr.
575 449 651 529 naq.
668 454 722 509 ete.
736 447 820 529 apud
830 447 926 510 Sntm.
942 452 978 513 de
990 452 1095 532 poenit.

97 557 120 596 c.
137 538 165 597 u.
178 554 210 615 p.
225 536 254 595 1.
269 552 301 593 ιι.
316 534 365 593 ot.
383 539 413 591 ct
428 534 513 594 Cano.
535 529 589 592 tac.
610 532 659 593 cit.
681 532 767 593 ualde
786 534 968 612 probabilem
988 543 1092 611 putet,

95 622 226 697 favetque
236 618 352 678 Ritusie
363 618 448 678 Rom.
463 615 499 677 dc
511 616 645 677 Sacram.
654 618 759 696 pariit.
770 617 889 679 dicens:
905 615 1015 679 taetra
1029 635 1096 679 con-

93 703 216 783 scssione
234 698 447 783 (confessarius)
465 699 505 759 ad
519 696 647 761 dolorem
667 696 832 781 efficatione
846 700 940 764 verbm
958 699 1098 763 adducere

93 786 262 858 conabitur,
273 794 327 846 etc.
344 786 386 844 Ex
399 783 455 844 hoc
466 783 585 844 videtur
599 785 716 845 Rituele
728 802 912 864 supponere,
928 784 1008 864 quid
1021 783 1096 845 bene

92 872 197 932 sufficit
213 872 301 931 dolon
315 878 381 947 post
392 868 601 929 contessionem
612 869 739 929 elicitus.
751 870 808 930 Sed
821 868 901 933 recte
912 864 1095 949 ejuntSoim.

91 954 161 1019 ibid.
184 974 217 1019 n.
240 956 291 1015 26.
314 951 394 1030 quod
415 950 477 1011 haeo
502 952 629 1013 secunda
652 954 797 1015 sententie
819 972 928 1027 sensu,
949 972 1009 1033 quo
1031 969 1097 1013 enm

92 1041 236 1119 explicent
247 1038 358 1098 Samen
371 1043 401 1095 et
411 1032 604 1111 otiositas,
623 1035 749 1115 tpnima
768 1054 828 1097 non
843 1039 1005 1116 discrepem
1017 1037 1097 1115 Lay-

90 1124 297 1193 nannetum,
313 1118 505 1192 dociminus,
520 1129 550 1180 et
563 1117 680 1181 Petam
696 1120 770 1181 nihil
787 1121 867 1181 eliud
881 1124 1021 1201 exigunt,
1038 1119 1095 1180 nisi

16 1250 20 1282 2
91 1208 168 1289 quid
189 1206 331 1269 consessio
352 1204 472 1265 nonsit
495 1221 577 1263 mens
602 1213 789 1282 peecatorum
812 1206 965 1274 narratio,
985 1204 1036 1266 sed
1055 1202 1094 1263 sit

90 1292 230 1354 accusatio
253 1288 300 1351 sui
318 1288 409 1367 ipsius
425 1287 462 1347 od
484 1286 700 1350 absolutionem
721 1288 921 1349 obtinendam.
940 1290 985 1349 En
1008 1287 1095 1347 verbe

90 1374 260 1457 deponcnni
267 1419 276 1448 ,
285 1391 374 1453 quem
383 1369 655 1450 sequiturPaiom:
664 1370 1096 1452 Requiritnr‚ntdoioratiqna

89 1463 174 1527 niodo
190 1459 343 1522 antecedat
359 1455 568 1538 consessionem
577 1504 587 1535 ‚
602 1458 677 1539 qnia
690 1468 814 1520 caterno
831 1467 1016 1541 peccator-nm
1027 1478 1096 1520 aon·
1159 1479 1163 1489 ·

90 1547 175 1627 rfessio
190 1545 274 1611 debet
287 1542 440 1625 procedere
457 1541 495 1606 ab
516 1542 636 1605 interna
650 1544 844 1625 penitentia,
863 1562 986 1623 eamque
1002 1543 1095 1625 eipni·

89 1631 191 1711 ficare,
205 1629 447 1711 qnandoquidem
463 1628 589 1689 materia
604 1628 786 1691 sacramenti
801 1648 863 1691 non
874 1637 919 1689 est
935 1646 1019 1688 mera
1030 1646 1095 1705 pec·

90 1724 219 1777 catarum
238 1710 396 1793 enplicatio
403 1758 413 1789 ,
425 1711 477 1773 sed
492 1712 638 1775 cromatia
652 1711 811 1793 suiipsius
827 1712 946 1774 madens
959 1710 1000 1772 ad
1010 1711 1095 1773 abso·

91 1798 242 1873 tntionmt,
255 1807 290 1859 ut
303 1796 434 1879 explicat
444 1796 639 1887 ‚Gonindtine
653 1798 766 1857 Deinde
787 1798 850 1875 ipsc
862 1802 1018 1877 Leymann
1029 1814 1095 1857 cnm

90 1883 195 1961 Potae,
207 1883 383 1945 sententiam
391 1880 495 1943 Sacrii
504 1882 641 1942 sectanda
651 1925 659 1952 ‚
670 1881 769 1942 addit:
780 1880 827 1943 tt
836 1880 889 1943 doc
898 1883 966 1942 verti
976 1879 1095 1959 (nempe

90 1978 122 2028 ut
137 1969 277 2030 confessio
290 1967 329 2027 sit
341 1965 568 2043 sacramentalis)
581 1966 778 2028 neceesarium
785 1973 844 2043 est,
856 1972 892 2026 at
905 1961 990 2028 datar
1000 1962 1095 2028 anime

88 2061 152 2132 post
168 2060 354 2134 peccatoram
374 2050 579 2114 narrationem
600 2049 722 2120 habitus
743 2049 845 2133 atiquo
864 2052 949 2132 eipna
968 2049 1093 2112 dedare-

91 2133 153 2209 nir‚
174 2134 279 2198 saitem
293 2132 478 2198 humilianda
493 2153 638 2197 ancoram
652 2135 799 2198 secerdote
807 2181 819 2214 ‚
834 2144 864 2198 et
881 2133 1093 2197 absolutionem

88 2219 221 2300 petendo,
235 2237 287 2280 sen
305 2217 501 2300 expectand03
515 2216 572 2280 talc
591 2221 672 2281 enim
690 2221 810 2299 eipnnm
829 2216 956 2280 relatum
974 2217 1015 2280 ad
1028 2237 1094 2300 pao·

89 2310 152 2362 cata
162 2300 257 2384 panld
268 2307 338 2364 antt
347 2301 495 2385 explicata
507 2319 607 2364 veram
618 2303 762 2364 rationem
776 2298 1000 2362 sacramentalis
1011 2320 1093 2362 acon·

89 2385 209 2454 tationis
227 2385 327 2449 habet.
344 2389 412 2448 Non
432 2387 524 2466 igitur
543 2385 590 2448 hee
602 2386 756 2447 sententies
773 2394 843 2446 sunt
855 2385 921 2446 duae
932 2429 941 2459 ‚
953 2386 1004 2446 sed
1015 2404 1094 2463 uue3

90 2469 120 2527 in
140 2471 358 2534 tantumscniut
371 2472 531 2550 Lcymann
549 2478 580 2529 et
595 2470 645 2530 elii
663 2471 840 2549 requirunt,
855 2478 889 2528 ut
903 2470 1045 2530 consessio
1057 2470 1094 2529 sit

91 2553 242 2627 doloroso,
260 2555 322 2614 sive
343 2553 423 2633 quad
442 2554 529 2614 dolon
547 2553 758 2614 contessionem
779 2553 942 2630 precedat,
956 2555 988 2614 iu
1001 2571 1093 2630 quan⁴

92 2645 152 2698 tum
167 2647 347 2718 exposcunt,
367 2647 401 2699 ut
419 2639 561 2699 consessio
583 2657 644 2699 nou
663 2640 703 2698 sit
721 2656 802 2698 mene
822 2647 1008 2715 peccatorum
1027 2657 1092 2700 usn·
1163 2694 1167 2700 .

91 2722 182 2796 natio,
200 2721 253 2784 sed
271 2721 376 2784 hebent
392 2724 538 2783 ustionem
557 2723 749 2783 accusationis
766 2722 1002 2800 sacrementoiis;
1015 2731 1045 2782 et
1057 2723 1093 2786 sd

91 2801 144 2864 hae
162 2806 270 2866 sufficit
288 2815 322 2866 ut
338 2807 480 2868 consessio
497 2806 550 2866 fiet
570 2807 670 2867 animo
688 2806 840 2867 obtinendi
860 2806 1093 2881 absolutionem,

92 2896 121 2947 et
146 2889 255 2950 deiude
278 2890 364 2952 dolor
390 2891 595 2951 manifestetur
620 2890 724 2949 saltem
749 2909 803 2970 pen
826 2892 1022 2969 petitionem,
1043 2909 1092 2952 seu

91 2975 319 3049 expectationem
341 2975 550 3045 absolutionis,
570 2974 613 3034 sie
633 2975 744 3034 etenim
758 2975 899 3035 consessio
912 2975 988 3036 beni
1000 2993 1093 3035 secun-

91 3057 223 3116 mentalis
237 3056 346 3117 evadit.
356 3057 476 3118 Addunt
492 3055 720 3118 verdSaImant.
734 3059 784 3119 cit.
795 3079 828 3120 n.
841 3061 891 3120 tt.
903 3057 1002 3137 infin.
1015 3057 1093 3136 quod

92 3139 203 3200 tautum
218 3141 254 3201 ed
266 3141 408 3204 sedandos
419 3142 572 3218 scrupulos
584 3142 680 3202 solent
691 3144 876 3220 contessarii,
891 3143 916 3202 si
928 3143 965 3202 de
978 3142 1093 3204 interne

92 3219 276 3300 dispositione
295 3227 465 3304 poenitentis
488 3225 625 3286 dubitent
637 3271 656 3298 ,,
668 3229 795 3288 excitano
820 3229 907 3287 illum
929 3224 967 3284 ed
990 3223 1093 3286 dalen-

93 3303 161 3364 dum
181 3309 217 3368 de
237 3312 360 3388 peccetis
376 3307 545 3390 penitenti
563 3313 712 3390 explicatis
725 3356 733 3382 ‚
748 3310 828 3388 quad
846 3310 901 3384 fit,
915 3309 941 3370 si
954 3307 1091 3370 dictitat:

96 3388 139 3448 De
153 3392 279 3470 peccatis
297 3393 431 3455 rnurctis
445 3390 542 3470 doleo,
560 3403 588 3454 et
605 3413 651 3455 me
671 3412 773 3456 manso
787 3394 842 3472 (1).

120 3501 151 3556 tt)
160 3503 191 3548 In
207 3507 275 3553 Hom.
289 3513 331 3566 Ap.
351 3515 382 3556 tr.
398 3509 435 3555 16.
447 3521 472 3553 a.
482 3509 519 3554 19.
530 3507 597 3554 Sicut
611 3507 635 3551 in
646 3507 764 3564 prioribus
774 3507 845 3566 hujus
859 3505 984 3564 theologia
999 3507 1094 3554 monitis

94 3562 230 3616 aditionibus
248 3574 386 3622 sententiam
403 3573 563 3620 affirmativam
581 3573 726 3631 probabilem
743 3580 809 3619 tenet
818 3587 846 3620 ac
856 3579 983 3634 prepterea
994 3572 1017 3617 in
1029 3574 1093 3634 pruni
