2450 3975
285 165 356 245 Cap.
373 165 401 225 l.
416 163 461 225 De
472 162 684 244 satisfactione.
696 164 776 227 Dab.
791 168 820 226 l.
834 168 898 228 Act.
912 170 941 228 l.
1058 167 1116 229 toa

108 287 134 330 e.
151 268 200 326 to.
220 285 252 348 p.
275 267 306 324 a.
342 283 375 324 n.
397 267 446 325 ss.
464 262 550 326 attat
568 284 600 324 n.
624 266 692 326 aas.
718 267 825 347 epora
845 287 878 328 a.
907 268 973 328 aaa.
996 242 1113 328 aotam.

107 374 140 413 a.
157 354 226 412 oto.
243 368 311 412 cnm
323 351 395 431 Rep.
408 358 437 410 et
452 351 544 426 Stoa„
563 360 593 409 et
611 350 765 428 probabile
780 361 864 412 vocat
880 354 943 431 ipse
962 350 1038 413 Viva
1051 348 1072 410 l.
1088 370 1113 411 e.

107 437 211 507 Ratio,
226 438 296 514 quia
318 436 444 494 Ecclesia
464 453 524 494 non
545 434 675 505 frustra,
698 436 748 495 sed
764 436 800 495 ad
823 435 879 496 hoc
894 437 1013 515 quidem
1026 436 1114 496 verba

105 523 156 583 illo
171 521 297 600 proferri
313 520 506 598 praescripsit,
531 528 564 581 ut
582 521 681 579 omnia
707 521 783 580 bona
812 539 900 598 opera
920 522 1113 601 poenitentis,

107 608 242 684 quamvis
260 604 372 681 exejus
394 604 537 663 electione
553 605 647 676 siant,
671 604 707 664 ad
725 605 926 666 satisfactionis
950 624 1114 666 sacramen·

106 693 180 751 talis-
198 691 338 751 meritum
356 690 520 749 eleventur.
537 690 571 748 ld
593 708 683 749 omne
698 689 784 750 docet
796 693 836 750 D.
857 689 911 751 Tb.
926 690 960 751 in
978 686 1112 765 anattt.

106 777 136 835 5.
163 786 221 837 art.
248 777 297 836 ts.
317 773 368 833 ubi
385 775 427 834 sie
449 774 568 835 aiteEt
591 772 652 834 Itaee
677 793 743 854 quta
765 782 875 855 praeter
903 775 1114 855 injunctionem

105 878 274 942 expressam
285 858 453 937 (poenitens)
470 856 562 936 lacit,
578 858 727 939 accipiant
741 858 883 940 mojorem
896 860 955 920 eim
974 856 1114 940 expiatio

105 952 154 1010 nis
170 942 264 1025 culpa
275 943 432 1024 prateritoe
453 959 489 1001 ea
504 939 560 1003 itta
572 942 705 1024 pancrati
717 943 919 1026 injunctione,
943 948 1005 1026 pact
1020 959 1115 1004 saeer-

105 1032 157 1094 ‹los
174 1029 247 1092 elicit
264 1052 274 1087 .-
297 1026 448 1105 Quidquid
470 1027 542 1088 boni
563 1028 686 1102 seceris,
706 1036 763 1090 ete.
788 1032 831 1090 Et
848 1038 994 1110 pacatam
1010 1027 1050 1089 ad
1061 1027 1114 1089 leon

106 1114 177 1178 talis
194 1112 360 1189 satisfactio
385 1120 430 1173 est
447 1111 688 1191 sacramentalis,
708 1114 743 1175 ia
759 1124 905 1197 quantam
921 1118 1028 1178 virtute
1053 1110 1113 1174 clo-

103 1206 188 1264 viarm
206 1210 249 1262 cst
259 1197 353 1279 cetlpoe
369 1198 528 1259 commissae
542 1198 705 1278 capiatina.

144 1288 213 1347 508.
224 1318 263 1329 -
285 1308 299 1336 a
319 1285 348 1342 5.
365 1284 462 1343 Minor
470 1281 552 1359 justo
566 1284 647 1344 licite
671 1283 757 1346 datur
781 1304 817 1345 ex
836 1304 940 1347 causa:
955 1288 1068 1365 qualis,
1081 1305 1112 1347 v.

105 1399 119 1426 s
145 1390 176 1450 g.
192 1377 256 1430 est:
273 1371 297 1428 l.
308 1369 411 1444 blegne
422 1369 573 1427 contritio.
595 1393 609 1421 a
624 1368 707 1446 (Nisi
716 1370 891 1450 poenitentia
904 1372 1114 1434 sttaeassaaa

107 1455 148 1516 ool
160 1452 347 1530 noedicinaml
369 1454 435 1512 «tl.
447 1453 599 1529 Fragilitas
614 1454 707 1515 antimi
722 1500 730 1527 ,
745 1458 791 1516 vel
807 1457 938 1534 corporis
953 1502 961 1529 ,
975 1459 1013 1519 ob
1024 1477 1112 1536 quam

104 1569 118 1596 ι.
145 1542 268 1599 timetur
288 1538 432 1613 majorem
456 1556 515 1597 non
532 1540 739 1617 impleturum.
762 1544 814 1602 lll.
829 1544 958 1621 Tempus
974 1542 1111 1618 jubilaei,

103 1652 119 1681 ι
143 1626 191 1683 vel
203 1624 394 1701 indulgentia
407 1623 558 1700 plenariae.
573 1626 616 1683 lta
631 1627 762 1701 Saarna,
780 1628 906 1707 Heariq.
917 1632 1021 1707 Lapara.

142 1712 263 1769 Certum
280 1707 541 1768 esteonlessarium
554 1708 650 1768 tonici
663 1718 698 1769 ut
712 1708 862 1786 judicem,
876 1718 906 1770 ct
921 1721 955 1771 ut
965 1712 1111 1773 medicum

103 1798 258 1873 imponere
270 1792 483 1872 pauitantibus
492 1793 737 1865 satisfactionem,
753 1814 806 1873 per
819 1812 849 1855 se
861 1796 1009 1873 loquendo
1022 1842 1030 1869 ,
1045 1815 1112 1876 pce-

103 1882 176 1941 catis
193 1878 391 1955 condignam
414 1885 448 1937 ut
463 1875 557 1954 judici
574 1876 654 1937 enim
682 1878 828 1937 incumbit
853 1879 988 1959 inlligere
1010 1900 1111 1960 poenas

103 1964 217 2026 delictis
239 1970 505 2035 commensuratus,
517 1969 547 2023 et
563 1971 598 2022 ut
620 1963 735 2024 medico
753 1964 942 2043 praescribere
957 1964 1109 2044 pharmaco

102 2050 209 2111 idonea
230 2056 291 2108 tam
316 2048 429 2108 morbis
441 2049 598 2107 contractis
622 2049 777 2122 curandis,
792 2047 881 2128 quiam
902 2052 935 2111 in
960 2051 1110 2131 posterum

101 2133 252 2193 vitandis:
269 2133 308 2192 ita
320 2149 356 2192 ex
368 2133 503 2192 Trident.
522 2150 592 2193 sess.
604 2134 652 2194 ll.
663 2152 728 2215 cap.
744 2137 775 2195 8.
790 2134 962 2195 ubidicitur
976 2157 984 2194 ε
999 2136 1110 2199 Debent

101 2236 171 2299 capo
182 2215 342 2278 sacerdotes
354 2216 501 2291 Domini,
521 2227 669 2297 qoeantam
683 2217 808 2298 spiritus
825 2225 852 2277 et
869 2217 1029 2298 prudentia
1040 2237 1110 2301 sap-

99 2301 241 2384 posseeit,
260 2319 315 2382 pro
339 2299 484 2381 qualitate
506 2302 686 2374 crineinum,
705 2310 732 2362 et
745 2301 951 2381 poenitentiam
967 2300 1110 2383 facultate

100 2382 263 2457 solutores,
278 2392 306 2444 et
318 2385 517 2446 convenientes
526 2385 743 2467 satisfactiones
754 2386 907 2467 irajanpem
913 2409 925 2462 ‚-
937 2405 974 2446 aa
982 2430 991 2461 ,
999 2387 1027 2447 si
1032 2383 1109 2467 [orti

101 2471 227 2552 peccatis
237 2469 430 2541 conniveant,
449 2476 478 2529 et
496 2469 698 2551 indalpentiies
717 2469 1106 2551 caeetpoenitentibasapaat,

101 2555 250 2617 lenissima
265 2554 401 2637 quaedam
415 2572 504 2635 opero
513 2573 570 2636 pro
588 2554 773 2635 pravissimis
786 2554 898 2616 delictis
912 2554 1108 2636 injempendo‚

100 2637 266 2699 alienorum
286 2647 469 2719 peccatoram
480 2638 641 2720 participes
665 2637 840 2719 efficiantur.
853 2639 990 2699 Habeant
1012 2647 1110 2700 uatem

97 2741 165 2806 prm
176 2720 284 2799 ocellis,
296 2731 343 2782 -at
354 2721 522 2802 satisfactio
536 2742 627 2805 qinom
642 2724 798 2803 imponant
809 2742 869 2782 non
879 2723 920 2784 sit
935 2723 1053 2784 tantiam
1069 2724 1110 2785 aa

77 2862 79 2866 .
100 2824 186 2867 noea
195 2806 264 2867 trita
282 2805 496 2877 caestodiam...,
512 2806 563 2870 sed
583 2808 727 2869 etiamad
745 2807 964 2890 proeteritorum
978 2817 1108 2891 peecato-

100 2909 171 2951 ram
183 2889 364 2965 vindictam,
386 2899 416 2953 et
426 2892 658 2972 eastipotionem.
672 2891 749 2971 Ergo
761 2903 878 2955 metetur
891 2895 1035 2972 poenitens
1047 2903 1107 2954 tam

100 2975 139 3034 ad
154 2975 362 3051 integrandum
374 2985 607 3050 sacramentum,
630 2975 721 3055 quim
737 2977 774 3037 ad
792 2978 1025 3038 satisfaciendum
1037 2977 1108 3038 divi·

100 3079 148 3119 nae
166 3058 288 3135 justitiae
306 3061 433 3139 exigenti
448 3061 665 3140 reparationem
685 3061 803 3139 injuriae
818 3063 991 3136 sibiillatae,
1007 3080 1107 3142 poena·

100 3144 160 3202 lem
174 3144 400 3219 satisfactionem
413 3149 474 3206 Deo
492 3143 643 3206 exhibire.

141 3228 214 3288 lline
235 3229 311 3291 beni
323 3232 449 3291 advertit
462 3229 660 3291 Cateehismus
674 3232 760 3291 Rom.
772 3251 805 3313 p.
821 3234 850 3293 ἢ.
865 3250 891 3291 e.
907 3233 935 3291 5.
949 3250 980 3293 n.
997 3232 1046 3292 te.
1070 3234 1109 3295 tn

99 3311 1108 3398 poenitentessaoramscelerumpraaitotemmapisopnoseant‚operoe

98 3393 229 3478 pretinm
246 3397 304 3457 erit
321 3401 363 3460 eis
376 3399 523 3462 interdieta
537 3399 723 3480 sipnifieore,
742 3419 808 3481 qua
821 3419 917 3480 pana
931 3399 1107 3481 quibasdam

98 3476 213 3540 delictis
230 3498 268 3541 aa
291 3491 419 3544 aetnam
438 3502 585 3545 canonum
609 3483 782 3565 praescripta
802 3483 874 3565 (qai
896 3483 1107 3566 paenitentiales

98 3563 256 3641 uocantur)
268 3567 433 3631 coeostitatae
448 3569 518 3630 siat.
831 3590 833 3596 ·
