2450 3975
115 203 173 265 ll8
353 198 418 265 tat.
430 202 461 263 8.
480 203 574 262 Tract.
587 203 618 263 l.
635 202 681 263 Dc
692 200 877 283 poenitentia.

122 300 191 365 Vill.
203 308 254 366 etc.
266 322 316 385 op.
332 301 427 366 [teuzi
440 320 466 364 e.
481 304 511 365 2.
526 310 594 364 tect.
607 303 638 363 5.
650 320 702 383 pa.
719 300 769 363 ll.
783 301 856 361 dicit
865 318 949 381 posse
964 320 1025 365 non
1044 322 1127 367 acce·

117 398 219 467 ptare,
233 390 283 449 sed
299 389 324 449 si
340 395 490 469 acceptet,
505 389 600 450 teneri
614 387 651 449 ad
664 405 729 449 eam
743 386 955 466 exequendam.

159 496 258 559 Tertia
272 496 419 559 cententio
431 497 595 559 eommunis
610 506 641 557 et
654 514 746 570 vera,
766 514 856 575 qaam
879 504 961 558 tenet
983 498 1075 563 Scor.
1092 498 1123 563 d.

118 581 166 643 38.
176 587 246 643 tect.
260 586 291 642 7.
305 600 338 643 tt.
353 583 382 643 2.
399 581 461 659 (qni
480 582 630 661 oppositas
649 590 734 643 vocat
747 582 935 655 temerarias,
946 582 1027 663 Lupo
1040 579 1064 643 l.
1085 585 1125 662 c.)

118 665 168 726 obi
192 673 326 729 nostram
351 666 527 729 sententiam
544 675 629 727 vocat
651 677 762 728 certam
781 684 850 727 rom
866 669 998 749 Vesper
1014 666 1124 728 Victor.

117 750 180 895 (pappi
193 758 262 897 podet
282 751 493 897 Tridpntitpme
510 750 614 899 dipdnt
629 770 692 897 pape
715 752 753 812 de
771 748 954 897 gdpphdlbel
966 772 999 897 p.
1014 754 1083 900 ΞΞΙῚ.
1098 761 1127 813 et

117 854 260 899 ,τωο
325 854 420 896 m.c.
474 855 617 897 ...ra
670 854 804 899 ⁸corn.
866 854 933 899 orreo
993 855 1012 895 a
1070 845 1129 896 .et

120 922 155 979 P.
168 922 259 993 Solo,
277 854 349 981 didit
373 852 516 999 peccaret}
530 920 583 1000 qui
602 920 807 1000 paenitentiam
824 938 885 980 non
906 881 1060 999 ace’eptat,
1079 922 1127 981 vel

118 1020 177 1063 non
190 1006 255 1065 volt
271 1005 396 1083 implere
408 1048 416 1076 ,
430 1013 460 1065 et
473 1004 759 1085 absolutionemvnlt
769 1006 910 1085 recipere.
927 1006 1013 1066 Ratio
1024 1050 1033 1077 ,
1044 1005 1125 1101 quia,

118 1095 149 1145 ot
163 1086 249 1149 docet
268 1085 419 1151 Benedict.
444 1090 496 1153 XI
501 1092 536 1151 V.
550 1089 584 1151 in
597 1089 697 1170 Epist.
709 1086 830 1169 Eacycl.
847 1090 932 1149 Inter
942 1096 1125 1169 pratea-atra,

116 1170 191 1233 sicot
218 1173 412 1235 confessarius
436 1173 549 1252 justam
568 1184 688 1237 tenetur
710 1172 866 1255 injungere
890 1173 1123 1259 paenitentiam.

117 1255 156 1316 ita
179 1258 325 1337 poenitens
343 1266 462 1321 tenetur
487 1260 570 1323 illam
582 1266 732 1341 acceptare
746 1258 802 1341 (ll.

155 1366 310 1429 Probabile
329 1378 427 1431 mmen
439 1376 503 1448 eat,
517 1368 599 1448 qudd
616 1371 640 1430 si
660 1368 815 1448 paenitenti
834 1366 969 1430 videatur
982 1366 1127 1446 poniten-

116 1450 156 1511 tia
177 1452 226 1511 illa
241 1452 320 1528 justo
341 1455 483 1533 gravior,
508 1463 560 1516 aat
580 1453 670 1519 nimis
691 1471 815 1517 onerosa
830 1460 965 1531 respectu
982 1451 1021 1511 ad
1041 1468 1126 1513 suem

116 1536 377 1611 imbecillitatem,
403 1548 475 1601 tunc
490 1538 517 1599 ai
538 1539 733 1603 remesarius
754 1538 847 1601 nollet
861 1556 927 1599 eam
954 1536 1124 1610 moderari,

116 1631 212 1700 pessel
227 1623 330 1685 saltem
346 1624 411 1685 sine
429 1625 514 1703 culpa
527 1624 610 1703 gravi
620 1622 771 1687 discedere
787 1624 897 1701 absque
916 1621 1124 1695 absolutione,

115 1715 146 1770 et
160 1707 253 1770 alium
272 1708 355 1771 adire
369 1710 598 1783 confessarium,
619 1716 653 1771 ut
668 1706 772 1772 dicunt
785 1726 854 1769 cum
872 1704 1012 1773 Bursao.
1025 1710 1054 1765 el
1072 1707 1126 1765 Co·

115 1788 216 1853 ciam.
232 1796 344 1874 auprd,
357 1796 469 1857 Sucrez
487 1792 518 1856 d.
533 1796 585 1856 58.
606 1800 673 1857 sect.
688 1795 718 1854 7.
732 1811 766 1855 rt.
782 1792 813 1853 l.
825 1790 932 1869 caym.
946 1810 972 1851 c.
985 1790 1034 1851 lb.
1047 1807 1080 1849 n.
1093 1792 1125 1850 6.

117 1873 200 1937 Elbo(
220 1896 251 1939 a.
267 1880 336 1942 228.
359 1876 478 1941 Holzm.
501 1898 535 1941 a.
550 1881 620 1941 obt.
642 1878 827 1961 cispano.
849 1878 919 1939 550.
939 1875 1001 1935 Hoc
1025 1880 1126 1936 tamen

116 1961 358 2039 intelligendum,
372 1964 398 2024 si
415 1965 591 2042 poenitentia
612 1960 748 2030 illacensi
769 1962 808 2022 sit
826 1958 1055 2036 irrationabilia,
1077 1958 1127 2020 vol

115 2045 209 2124 impar
217 2047 366 2108 debilibus
381 2047 495 2108 viribus
510 2049 700 2128 poenitentisa
717 2066 786 2112 nem
800 2049 825 2110 si
839 2045 941 2108 contria
951 2044 1126 2124 poenitentia

114 2128 196 2190 incilia
211 2140 308 2210 posset
325 2131 363 2192 ab
383 2149 418 2191 eo
432 2131 550 2210 impleri
562 2177 572 2204 ,
586 2143 617 2194 ct
634 2135 728 2198 nollet
751 2151 789 2195 ex
807 2150 887 2194 mera
909 2129 1021 2190 desidia
1041 2129 1126 2190 illam

114 2224 282 2295 acceptare,
296 2237 329 2278 aa
341 2236 410 2278 cum
430 2218 487 2279 levi
501 2217 611 2279 absolvi
625 2219 734 2292 vellet,
748 2215 939 2278 nomvidetor
948 2229 1129 2294 posseexcu·

113 2301 171 2362 sari
186 2299 204 2361 ir
218 2312 335 2381 peccato
354 2304 456 2382 gravi,
470 2303 539 2382 quia
560 2303 606 2382 (ut
619 2302 693 2366 bend
705 2305 746 2363 ait
756 2299 837 2384 Lupo
849 2319 880 2361 o.
895 2299 958 2378 69.)
972 2299 1047 2358 sicut
1056 2315 1127 2376 pec·

113 2392 192 2448 caret
202 2387 335 2447 sacerdos
346 2387 526 2466 imponendo
544 2389 640 2450 levem
654 2387 859 2468 paenitentiam
873 2385 937 2444 sine
947 2380 1026 2461 justa
1039 2399 1125 2442 causa

113 2488 168 2550 pro
181 2472 445 2550 gravibuecolpis,
460 2473 501 2533 ita
522 2483 655 2552 peccaret
676 2473 822 2552 poenitens
843 2471 945 2530 volens
959 2467 1023 2531 siue
1039 2483 1125 2530 causa

113 2557 244 2636 recipere
255 2557 469 2622 absolutionem
481 2577 549 2620 cum
561 2559 734 2640 poenitentia
741 2556 823 2634 justo
839 2555 956 2616 leviori.

151 2649 219 2710 tttt.
234 2683 272 2698 -
284 2651 444 2712 Dubitatur
456 2654 486 2713 8.
503 2654 550 2714 dn
569 2653 715 2730 poenitens
726 2657 824 2729 peccet
837 2648 982 2730 graviter,
997 2645 1023 2706 si
1034 2646 1125 2707 omit·

111 2743 153 2797 tat
166 2737 292 2815 implere
311 2739 515 2815 paenitentiam
530 2756 668 2818 gravem,
682 2738 848 2814 impositam
867 2751 922 2812 pro
938 2732 1124 2806 venialibus,

112 2822 350 2882 autmortalibus
367 2823 530 2884 confessis?
551 2825 715 2884 Commune
731 2829 775 2882 est
797 2817 877 2899 qubd
901 2817 926 2877 si
949 2815 1125 2894 injungatur

113 2906 282 2985 poeoitentia
300 2903 393 2977 levis,
414 2926 475 2967 non
494 2918 538 2968 est
553 2905 691 2986 obligatio
704 2905 786 2965 illam
800 2901 942 2982 implendi
952 2901 1008 2962 sub
1020 2901 1123 2978 gravi,

112 2992 225 3054 etiamsi
242 3002 302 3052 tota
316 2994 484 3060 omittatur,
504 2989 574 3061 Pol.
589 3011 624 3073 p.
636 2993 684 3052 dl.
695 2989 722 3072 §-
735 2991 765 3050 lr.
777 3009 810 3052 a.
825 2991 873 3049 ll.
888 2988 970 3068 Lupo
983 2983 1014 3044 d.
1026 2986 1077 3046 85.
1088 3004 1121 3046 a.
1210 3015 1211 3022 κ

112 3075 268 3138 teneaat·
279 3095 345 3158 cop.
365 3079 396 3138 2.
410 3084 477 3138 rect.
492 3077 522 3137 5.
544 3094 597 3156 qu.
623 3076 671 3135 ld.
682 3075 783 3135 *Suam
799 3071 829 3134 d.
843 3073 892 3132 58.
911 3077 979 3131 cccl.
997 3070 1027 3129 7.
1041 3088 1074 3128 rt.
1090 3071 1121 3132 t.

113 3159 202 3224 Graia
216 3179 249 3221 a.
264 3162 430 3226 iliacum
437 3162 540 3223 Aoera.
554 3167 584 3220 et
595 3156 666 3221 aliis
681 3157 805 3240 passim.
821 3157 925 3228 Ratio,
939 3153 1010 3232 qaia
1028 3163 1123 3215 mate·

139 3330 172 3385 (l)
181 3328 210 3374 Et
220 3329 334 3388 paenitens
347 3341 458 3376 recusans
469 3328 643 3388 penitentiam,
655 3341 708 3388 quae
725 3341 769 3388 pro
789 3325 893 3386 maceda
903 3323 1016 3384 predbor
1033 3323 1121 3371 saltent

110 3391 133 3434 in
145 3407 171 3436 se
188 3396 266 3450 gravis
280 3397 375 3454 damper
390 3396 422 3441 sit
438 3401 549 3455 oportet,
560 3393 649 3441 absolvi
664 3395 788 3454 nequitate
798 3395 869 3438 Hom.
884 3395 933 3450 Ap.
945 3397 976 3440 tr.
987 3390 1023 3436 16,
1037 3404 1064 3439 tt.
1084 3390 1123 3436 55.

108 3453 330 3513 Scabrdicendum,
348 3458 369 3504 ri
388 3460 504 3517 penitens
520 3459 612 3504 tentdm
626 3459 759 3520 respective
777 3471 888 3522 gratem,
906 3457 976 3516 iusta
994 3469 1123 3501 numerum

108 3519 215 3561 ettotam
223 3523 366 3576 granmtem
384 3529 537 3580 peccatorum
551 3537 669 3572 emensam
680 3529 814 3586 respectet.
938 3585 988 3632 Ν
