2450 3975
130 162 189 223 ne
373 160 439 224 nu.
456 163 486 221 e.
506 164 604 223 rme.
617 162 646 223 n.
663 163 708 223 oe
720 160 904 241 pertinen.

130 265 257 337 innuet,
271 272 362 346 prout
377 272 563 347 praetorum
577 265 804 327 eireumetantia
819 266 992 346 requirent,
1012 270 1045 329 in
1073 270 1143 349 qui·

129 349 184 413 but
195 349 339 411 rationem
351 348 713 412 babebiteontritionie....
726 350 787 411 Nee
797 353 865 412 oerd
875 361 978 431 putent
997 373 1055 416 sua
1074 374 1143 435 pee-

128 442 195 495 eata
207 431 283 494 lenia
295 452 373 511 eree,
387 434 462 515 quia
478 453 575 515 parea
585 432 648 497 illie
665 434 839 515 poenitentia
856 434 928 496 data
940 446 982 499 eet
997 482 1005 509 ,
1021 439 1075 501 sed
1088 438 1143 501 irae

128 514 241 596 [atium
256 536 336 594 otte,
355 539 393 581 ne
408 537 475 580 eam
494 538 562 599 qua
578 538 635 600 pro
648 517 807 598 culparum
821 519 935 581 ratione
952 522 1145 604 injungenda

128 610 193 662 erat
202 604 294 681 (nou)
309 602 445 667 damnet
455 622 524 664 eum
539 601 672 684 periurio
688 600 797 664 salutis
815 621 888 665 sua.
901 605 1032 667 Proinde
1043 607 1143 685 pani·

130 694 219 749 tentet
234 686 299 749 ideo
310 688 452 750 bertaudi
469 696 574 761 erunt,
589 696 626 747 ut
639 694 748 768 prater
766 705 856 767 opera
870 689 1028 769 imposita,
1045 688 1144 769 plura

128 771 218 832 etiam
234 771 299 833 aiia
314 782 460 853 prestare
471 781 623 835 sonentur.
640 772 789 850 Additque
802 773 881 833 idem
894 775 924 833 S.
937 774 1144 852 Archiepiseo-

129 874 203 935 pus:
221 856 321 919 Talem
333 859 469 939 imponat
477 857 703 939 penitentiam,
723 854 842 937 quatem
858 860 879 917 d
890 858 1050 938 penitente
1060 880 1144 941 prer-

128 941 206 1003 ttari
216 962 301 1023 poree
309 942 433 1023 judicet.
448 941 578 1004 Proinde
596 940 782 1023 aliquandi,
802 941 832 1002 ei
853 942 897 1002 ita
911 942 1049 1023 expedire
1060 945 1144 1007 nide·
1195 1002 1196 1007 ,

129 1027 186 1091 rit,
204 1024 292 1087 ilium
309 1028 486 1109 interroget,
507 1046 550 1087 au
562 1026 683 1108 possit,
708 1045 782 1087 anve
805 1026 917 1088 dubitet
931 1030 1143 1108 penitentiam

128 1107 186 1171 tibi
200 1111 232 1171 in
240 1110 366 1171 'unctam
470 1130 516 1173 ere
525 1136 537 1189 ,·
552 1108 690 1191 alioquin
707 1129 773 1172 earu
784 1110 931 1181 mutabit,
949 1120 1004 1171 aut
1014 1113 1142 1176 minuet.

168 1188 200 1247 S.
234 1206 345 1249 oannes
384 1188 622 1269 trumentum.
644 1189 695 1247 45.
717 1188 751 1247 in
763 1207 788 1249 e.
811 1189 862 1249 28.
879 1187 990 1249 Mattb.
1013 1191 1056 1250 sic
1072 1193 1140 1251 eit:

129 1271 199 1333 unt
213 1291 348 1334 emenus
360 1274 505 1335 modieam
524 1272 729 1355 penitentiam
746 1271 944 1353 imponentes,
965 1290 1065 1334 nonne
1086 1294 1145 1337 me
1199 1271 1200 1281 ’

130 1354 191 1417 iiue
204 1365 248 1418 est
261 1365 384 1437 propter
392 1356 625 1419 ruieerieardiam
646 1357 793 1417 rationem
811 1354 947 1431 reddere,
967 1358 1058 1439 qudm
1069 1377 1144 1439 pro·

129 1449 196 1522 pter
204 1439 425 1503 crudelitatem?
437 1445 513 1503 item
524 1445 615 1503 Hom.
635 1443 686 1503 44.
701 1440 796 1502 Sicuti
808 1442 906 1517 enim,
921 1440 950 1501 ei
966 1440 1079 1519 fascem
1095 1462 1144 1505 eu·

130 1525 328 1605 perterreret
347 1524 537 1588 adolesmntie
556 1545 643 1606 quem
662 1545 723 1588 nan
736 1534 831 1606 potest
843 1523 977 1607 bajulare
987 1528 1141 1606 nammis,

130 1627 239 1673 necesse
250 1620 293 1673 ert
303 1618 358 1671 aut
367 1621 403 1672 ut
413 1608 523 1690 [aecem
541 1610 664 1693 abjiciat
676 1658 686 1689 ,
702 1620 757 1672 aut
766 1611 820 1673 sub
830 1610 956 1692 pondere
968 1610 1143 1694 ooulrinya-

132 1703 205 1755 tur:
227 1695 272 1757 tie
285 1704 314 1756 et
334 1694 450 1757 bomini
466 1695 559 1775 (note)
578 1695 629 1757 eui
648 1714 738 1777 arare
756 1695 872 1775 pandus
887 1694 1066 1777 penitentie
1083 1698 1146 1757 im·

129 1779 237 1860 pann,
261 1798 379 1842 necenne-
391 1789 455 1858 eet,
478 1787 533 1841 aut
552 1790 588 1841 ut
606 1782 813 1862 penitentiam
828 1798 916 1843 mam
934 1778 1064 1860 rejiciat,
1086 1794 1144 1845 ant

130 1863 313 1944 suscipient,
328 1864 401 1927 dum
414 1864 537 1945 sufferre
557 1884 620 1926 nou
636 1872 753 1946 potest,
775 1861 997 1927 scandalizatus
1010 1864 1144 1947 ampb'ris
1206 1884 1207 1887 ’

130 1955 232 2028 pectet.
249 1950 342 2027 idque
356 1951 514 2012 confirmet
536 1952 567 2010 S.
583 1953 694 2012 Doctor
715 1967 752 2010 ex
765 1968 823 2023 eo,
838 1948 919 2030 quod
939 1949 1042 2010 scribit
1063 1953 1144 2029 Apo·
1207 1969 1208 1975 ¹

131 2032 222 2092 stolus
234 2033 275 2111 (2.
291 2037 357 2094 Cor.
369 2053 395 2093 e.
407 2038 439 2096 2.
452 2053 481 2094 n.
499 2037 529 2094 6.
542 2042 571 2094 et
580 2037 642 2113 t.):
656 2032 772 2114 Sufficit
781 2033 829 2095 iiii
836 2080 846 2111 ,
862 2033 916 2114 qui
924 2033 1068 2114 ejusmodi
1077 2046 1121 2096 est
1131 2083 1157 2118 ,‚

132 2114 299 2197 objuryatio
311 2115 373 2180 bae
385 2163 394 2191 ,
412 2137 479 2199 qua
490 2117 559 2197 litei
574 2117 712 2198 pluribus
724 2163 733 2192 ,
747 2121 792 2180 ita
811 2126 847 2180 ut
857 2119 873 2177 b
885 2117 1034 2178 contrario
1046 2123 1145 2200 magis

132 2199 245 2263 donetis
253 2248 264 2278 ,
277 2211 305 2262 et
317 2200 523 2276 consolemini,
537 2221 573 2262 ue
587 2199 666 2283 farte
682 2201 896 2264 abundantiori
909 2201 1030 2261 tristitia
1046 2202 1144 2264 absor-

133 2286 252 2362 beatur,
267 2289 322 2370 qui
329 2287 475 2370 ejusmodi
485 2297 539 2351 eet.
554 2289 638 2348 Unde
654 2287 877 2368 Cbryeostomue
886 2287 928 2346 sie
941 2288 1142 2366 prosequitur:

133 2374 182 2434 Ee
193 2391 229 2432 ea
246 2373 449 2450 redonemur,
470 2373 550 2452 qudd
561 2391 624 2434 non
640 2370 735 2434 solutu
746 2371 785 2433 ad
793 2379 978 2458 peecatorum
986 2379 1143 2445 naturam,

132 2456 341 2518 verumetiam
360 2457 401 2518 ad
423 2466 567 2534 etenim,
594 2455 784 2538 habitumque
798 2457 983 2536 peccantium
1007 2465 1146 2533 oporteat

133 2542 280 2604 moderari
289 2542 505 2625 penitentiam.
516 2546 606 2604 Hane.
619 2543 650 2602 4.
661 2542 694 2602 in
706 2545 736 2602 2.
750 2539 790 2601 ad
803 2542 869 2600 Cor.

170 2628 334 2690 Confirmet
348 2630 390 2688 D.
407 2626 637 2706 Thomas(eujus
651 2628 783 2704 reguiam
794 2626 866 2684 dicit
879 2627 965 2686 Cone.
977 2645 1012 2706 p.
1027 2627 1098 2688 595.
1109 2646 1143 2690 n.

135 2712 183 2772 tn,
197 2713 373 2772 servendum
387 2730 451 2773 esse
468 2714 500 2773 iu
521 2712 709 2791 imponendis
727 2710 919 2788 poenitentiis)
931 2706 1037 2791 Suppi.
1050 2728 1080 2790 q.
1094 2714 1142 2772 48.

134 2815 182 2858 ar.
192 2797 223 2854 4.
237 2796 337 2856 diceus
348 2817 357 2854 ι
368 2799 469 2857 Pena
489 2795 696 2876 satisfactorie
713 2795 747 2854 in
767 2793 928 2855 canonibus
943 2792 1146 2876 determinate

135 2897 195 2942 non
212 2887 378 2960 competunt
388 2881 542 2955 omuibus,
561 2880 612 2942 sed
631 2879 785 2942 varianda
803 2886 876 2940 sunt
889 2877 1050 2939 seeundum
1063 2879 1146 2942 arbi-

136 2964 228 3026 trium
250 2963 444 3026 taeerdotie...
464 2964 547 3027 Sicut
569 2983 637 3045 erqo
660 2962 788 3024 medicus
809 2961 972 3042 aliquando
986 2963 1147 3044 prudenter

136 3067 196 3109 nou
210 3047 264 3109 dat
274 3046 451 3108 medicinam
466 3051 511 3109 ita
523 3045 683 3128 efficacem,
707 3066 774 3128 qua
795 3047 834 3108 ad
853 3047 948 3110 morbi
963 3047 1145 3110 curationem

135 3131 324 3216 sufficiantne
334 3141 453 3214 propter
462 3131 640 3194 debilitatem
650 3141 766 3194 naturae
781 3132 880 3214 majus
887 3130 1053 3214 perieulum
1065 3133 1146 3194 oria-

137 3228 186 3279 tur
194 3243 206 3295 ,·
219 3220 263 3279 ita
280 3216 413 3279 sacerdos
426 3217 527 3278 diuino
542 3216 685 3277 instinctu
701 3225 798 3279 motus
807 3263 817 3295 ,
840 3236 902 3278 non
919 3234 1033 3297 semper
1054 3226 1148 3279 totam

136 3322 270 3382 panum,
284 3322 351 3386 que
369 3304 426 3364 uni
441 3310 554 3383 peecata
574 3299 712 3377 debetur,
736 3302 887 3384 injunyit,
909 3300 1100 3398 ue'infirmus
1113 3323 1150 3369 ee

136 3386 339 3540 irretio
350 3387 865 3549 rsnntuunnnn
874 3382 1150 3548 ‘n‘ntuttt

136 3551 289 3622 eorporis,
315 3555 366 3612 sed
389 3556 480 3615 etium
508 3556 601 3616 animi
629 3557 824 3635 penitentis,
846 3567 926 3636 putet
952 3575 988 3618 en
1008 3566 1151 3618 contextu
