2450 3975
143 204 201 267 im
362 200 428 266 en.
443 203 474 264 o.
493 200 591 264 nne.
605 200 637 262 s.
654 162 929 263 nenntarnmj

141 304 304 385 mimasque
322 301 465 364 eetetmre
486 309 549 363 tom
566 318 623 385 pso
644 299 743 375 vivis,
764 302 855 381 eodm
871 318 928 380 pro
950 296 1099 381 defunctio
1121 302 1159 365 in
1206 300 1214 309 '

140 388 259 451 nomine
272 386 409 452 Domini.
421 390 525 450 Amen.

179 506 306 587 Rognbie
324 508 356 568 2.
375 523 414 566 on
437 504 524 565 misso
542 500 579 564 de
596 501 738 583 Requiem
758 503 852 581 prosit
871 501 1015 564 defunctis
1035 504 1154 583 magis,

140 590 231 671 quim
254 592 342 653 misse
361 589 399 651 de
420 588 556 649 Sanctis?
574 587 743 666 Respondet
764 589 796 649 S.
820 585 875 647 Tit.
894 586 1000 668 suppl.
1024 606 1076 668 qn.
1100 590 1153 650 74.

140 686 202 739 ort.
212 680 242 739 9.
254 676 295 739 od
305 678 334 739 5.
349 675 468 736 dioense
483 674 534 734 Eo
551 679 637 753 porte
654 668 793 751 sacrificii
808 668 900 733 oblati
918 668 1072 751 equaliter
1086 694 1157 755 pro-

140 760 203 823 dest
216 760 368 844 defuneto,
381 756 605 837 deonoenmqoe
618 754 753 833 dicotur3
764 752 816 816 scd
830 772 866 816 ex
881 764 968 835 porte
979 756 1158 819 orationum

139 840 458 929 mentemmentdm,
477 840 512 901 in
532 858 594 921 quo
613 848 686 903 snnt
703 838 850 901 orationes
872 838 913 901 ad
939 839 993 902 hoe
1015 840 1157 903 determi-

140 942 237 1005 nate,
253 930 304 993 sed
319 938 418 991 tomen
430 930 485 990 iste
505 925 634 1007 desectus
652 928 867 1006 recompensari
886 934 981 1007 potest
993 945 1048 1009 per
1060 928 1157 1008 mojo-

141 1034 203 1077 rem
215 1013 393 1077 devotionem
403 1057 412 1087 ,
424 1010 471 1073 oei
483 1017 547 1093 ejus
560 1012 615 1091 qni
625 1008 695 1071 dicit
705 1011 845 1085 missam,
863 1007 908 1070 oet
921 1010 985 1093 ejus
1001 1010 1056 1093 qni
1066 1012 1156 1093 jobet

138 1098 217 1173 diei,
232 1097 279 1158 oet
293 1097 400 1159 iterim
411 1114 466 1178 per
482 1095 714 1157 intercessionem
728 1094 846 1171 Sancti,
865 1093 951 1177 enjus
969 1094 1156 1177 soffrenium

140 1182 174 1243 in
192 1183 284 1244 missd
297 1178 486 1265 imploratur.
889 1204 895 1215 ·

178 1284 249 1346 544.
261 1285 357 1344 -De
377 1281 529 1343 effectibus
548 1279 682 1342 sacrificii
703 1280 809 1341 missae.

179 1403 209 1462 4.
224 1400 350 1463 Effectus
365 1409 411 1459 est
422 1397 557 1459 remissio
569 1404 757 1475 peecatorum
770 1439 778 1467 ,
792 1395 869 1455 circo
882 1412 972 1475 quam
986 1397 1153 1475 quaeritur,

140 1504 179 1547 nn
200 1486 256 1545 hoo
278 1483 454 1545 sacrificium
473 1483 606 1543 remittat
628 1489 744 1559 peoostn
766 1481 902 1541 mortalia
922 1499 975 1559 pen
996 1500 1028 1541 se
1049 1482 1155 1543 imme·

140 1570 220 1632 dioto
236 1569 268 1630 in
285 1568 408 1629 homine
426 1568 548 1638 attrito¹
559 1566 654 1627 instar
670 1566 844 1627 sacrementi
857 1566 1155 1645 poenitentiaeidffir-

142 1664 204 1718 mot
218 1650 369 1717 Cossutius
381 1651 432 1714 tit.
442 1653 472 1713 2.
486 1649 597 1713 desae.
611 1650 711 1711 misso
719 1674 731 1728 ς
746 1650 797 1711 sed
816 1652 983 1731 oppositum
995 1660 1040 1713 est
1051 1660 1154 1713 tenen-

140 1744 233 1815 dum,
248 1756 355 1818 nempe
367 1740 486 1799 mnsam
507 1756 569 1800 non
589 1733 698 1797 habero
719 1736 860 1797 virtutem
880 1736 1050 1797 remittendi
1073 1754 1154 1798 mor-

141 1829 210 1890 tnlio
231 1844 285 1905 per
303 1844 335 1885 se
357 1821 545 1892 immediate,
558 1821 610 1883 ted
631 1819 728 1883 solino
747 1820 925 1899 impetrandi
949 1821 1093 1882 auxilium
1110 1822 1153 1885 nd

140 1910 365 1993 peonitentiam,
388 1910 446 1986 qud
466 1908 674 1983 remittentur,
690 1916 724 1966 ut
739 1908 939 1967 communiter
956 1906 1062 1968 docent
1078 1907 1153 1969 Bet-
1215 1940 1216 1972 t

141 1995 229 2058 deren.
251 1991 273 2053 t.
296 1995 327 2052 2.
346 1991 382 2053 de
400 1991 483 2054 sities.
499 2012 525 2054 c.
545 1995 576 2054 4.
601 1997 712 2054 Toum.
728 1989 862 2054 Proleot.
881 1989 967 2055 theol.
988 1991 1024 2054 de
1042 1994 1151 2073 sacrif.
1214 2027 1215 2059 t

140 2088 199 2142 ort.
217 2081 247 2140 5.
262 2079 352 2139 Snor.
371 2074 402 2137 d.
414 2077 462 2137 79.
477 2095 503 2139 s.
517 2080 548 2138 5.
562 2087 590 2138 et
601 2081 630 2140 4.
644 2075 732 2140 Heln.
749 2097 780 2137 n.
797 2080 865 2141 550.
880 2080 971 2142 Rene.
985 2096 1011 2140 ο.
1027 2080 1056 2138 4.
1070 2097 1099 2159 q.
1116 2080 1149 2140 5.
1213 2117 1214 2142 t

142 2169 213 2227 Con.
231 2183 263 2246 p.
276 2163 346 2224 448.
360 2181 393 2223 n.
407 2165 436 2223 8.
451 2161 587 2225 ooSolm.
601 2173 641 2226 tr.
656 2167 687 2225 5.
707 2183 732 2225 o.
750 2166 779 2225 5.
795 2183 828 2246 p.
844 2166 873 2225 4.
886 2184 919 2224 n.
935 2167 963 2225 5.
981 2166 1149 2228 comWoo.
1212 2205 1213 2229 t

142 2249 234 2332 διῄει.
248 2251 338 2320 Aeon,
348 2245 419 2309 Pol.
430 2257 459 2310 et
473 2247 542 2310 otiis
553 2252 687 2333 possim,
702 2267 738 2310 eo
750 2251 791 2310 D.
810 2249 865 2312 Td.
879 2249 913 2310 in
924 2251 955 2311 4.
968 2249 998 2312 d.
1010 2253 1057 2312 44.
1070 2268 1101 2331 p.
1116 2255 1150 2314 2.
1211 2279 1212 2315 i

140 2344 197 2396 ort.
221 2332 250 2396 2.
273 2335 324 2394 nbi
351 2336 392 2394 ait
421 2333 500 2412 qudd
525 2337 612 2396 misso
635 2343 754 2417 peceato
779 2332 920 2397 enortolio
952 2332 1051 2408 delet,
1083 2352 1152 2397 non
1210 2351 1211 2399 t

139 2422 216 2482 sieut
233 2436 324 2480 conso
344 2421 503 2500 proximo,
525 2419 576 2482 sed
594 2419 629 2480 e'n
648 2427 795 2498 qnantum
811 2419 942 2499 pretinm
959 2417 1150 2482 contritionis
1209 2437 1210 2485 i

138 2507 287 2589 impetret.
313 2506 349 2565 Et
373 2505 515 2583 probetur
535 2523 570 2564 ex
590 2505 792 2580 Tridentino,
816 2521 886 2566 sess.
908 2507 958 2566 22.
983 2523 1009 2566 o.
1037 2507 1068 2567 2.
1093 2505 1147 2566 ubi
1207 2513 1209 2586 i

12 2586 13 2591 ’
138 2588 372 2672 dieituceldnjtts
382 2589 537 2668 (sacrificii)
547 2584 691 2650 oblatione
698 2587 989 2670 pincontsDomt'nns
996 2588 1148 2671 qratiam,
1206 2587 1208 2674 i

137 2675 285 2736 etdonnm
297 2673 475 2753 penitentie
491 2672 664 2750 concedens,
680 2673 808 2736 omonimo
824 2681 853 2736 et
866 2683 985 2756 peccota
996 2676 1087 2734 etiam
1103 2675 1149 2735 in-
1169 2737 1172 2744 ,
1206 2679 1207 2682 ’

135 2757 236 2840 pontio
252 2757 384 2819 dimittit.
401 2759 477 2838 Engo
490 2762 568 2820 Deus
586 2760 698 2820 intuitu
715 2757 804 2837 hujus
821 2759 955 2820 sacrificii
975 2759 1148 2822 immediate

137 2842 289 2920 placatur,
312 2850 343 2900 et
362 2842 469 2903 deinde
491 2853 629 2904 movetur
648 2845 685 2904 ad
707 2845 887 2924 poenitentiae
908 2843 1022 2905 donum
1042 2861 1147 2905 eonce-

136 2923 287 2996 dendum,
302 2942 355 3002 pec
372 2943 461 3004 quom
477 2927 647 2990 immediate
662 2927 799 2991 delentur
810 2927 1148 3010 peccato.Condrmstun

136 3011 271 3078 ratione,
294 3009 363 3086 quin
383 3010 560 3071 sacrificium
583 3013 681 3073 misso
705 3013 830 3074 offertur
852 3008 1006 3074 {Clinisto
1026 3030 1146 3074 summo

135 3095 301 3167 sacerdote,
314 3094 366 3173 qui
380 3112 459 3154 nune
472 3113 532 3156 non
545 3105 642 3174 potest
650 3099 828 3171 satisfacere,
837 3097 906 3160 edm
917 3114 976 3158 non
986 3097 1024 3158 sit
1035 3099 1144 3169 viator,

135 3187 166 3240 et
185 3179 252 3242 ided
271 3179 374 3258 nequit
395 3179 502 3240 metiri
515 3225 524 3252 ‚
537 3182 588 3242 sed
609 3181 726 3244 tantinm
745 3185 808 3263 ipse
822 3185 962 3262 impetent
975 3181 1061 3251 nobis
1077 3201 1144 3262 goa·

136 3265 190 3322 tias
202 3264 391 3345 interpellans
403 3283 457 3344 pro
470 3266 564 3326 nohis.
574 3266 716 3346 idemque
725 3267 882 3329 dicendum
891 3270 929 3329 de
939 3266 1034 3346 culpis
1042 3267 1144 3326 venia·

135 3343 213 3401 tibus
225 3365 293 3406 cnm
300 3349 331 3407 S.
343 3347 398 3408 nt.
408 3345 431 3406 4.
442 3366 467 3407 c.
478 3367 529 3427 pn.
542 3352 570 3409 4.
582 3349 623 3411 od
635 3354 662 3410 4.
673 3349 834 3413 oeHolem.
847 3355 938 3414 Rone-
952 3352 1038 3412 Cone.
1051 3351 1142 3412 Smer.

138 3423 209 3476 0011·
224 3427 329 3502 noym.
344 3427 510 3511 Polyme.
528 3429 658 3493 etSodm.
673 3432 745 3495 ibid.
767 3454 800 3495 n.
820 3437 850 3496 8.
865 3441 968 3495 contro
982 3435 1100 3493 Canum
1118 3440 1146 3494 et

141 3495 326 3595 fidentiam,
340 3513 390 3584 qui
408 3515 512 3574 volunt
530 3516 655 3575 venialia
676 3518 788 3580 remitti
810 3535 863 3598 pon
877 3535 909 3577 se
925 3517 1038 3577 virtute
1054 3518 1143 3578 seori·

136 3569 218 3648 sscn.)
231 3580 304 3648 0¹¹¹ss
317 3626 326 3653 ‚
341 3588 409 3648 com
421 3597 545 3656 venialis
562 3598 623 3658 sint
642 3599 776 3675 quodam
799 3600 920 3662 meculae
933 3600 1059 3675 enimn,
1075 3617 1143 3678 pro·
