2450 3975
254 134 882 220 Cap.l.Dceooscaaioac.Dul›.5.Art.2.
925 139 927 142 ’
1019 143 1076 205 tat

52 241 339 305 ceremonensem
351 234 534 298 dimittendi
541 236 766 316 wolcasinum,
782 238 955 319 qaieasetm
962 252 1077 320 peccato

49 323 206 397 mortali,
223 332 251 385 et
267 320 538 403 decempedam,
550 320 597 381 ael
610 330 667 384 tres
681 320 742 383 dics
755 320 849 383 oliam
864 323 1076 403 confessarium

51 409 239 491 expectare.)
263 432 277 461 «ι
293 404 366 469 Vide
388 402 459 467 titt.
475 414 496 465 t.
512 407 562 466 at.
580 424 606 466 c.
623 407 653 465 6.
677 404 766 467 Card.
784 405 819 467 dc
832 411 912 487 Lapa
927 403 950 468 l.
969 428 995 470 c.
1018 412 1074 472 Ubi

52 520 69 549 n
97 502 207 554 monet
219 537 228 565 ‚
240 492 309 552 talia
323 490 448 558 damna,
460 497 513 549 aut
527 490 658 569 pericula
677 508 738 551 non
751 489 834 551 facilc
843 492 979 573 lingenda
992 512 1076 573 essc;

54 603 70 633 s
98 586 134 639 et
148 576 270 655 quidem
282 576 313 634 in
327 574 464 652 religioso
475 573 526 633 vix
543 592 628 652 posse
642 575 742 636 locum
759 574 880 635 habere.

105 686 120 717 ι
145 663 272 737 Quarto.
291 658 321 719 Si
342 659 408 735 quis
423 657 542 736 aliquod
562 668 737 737 peccatum,
757 661 805 721 vel
824 661 1075 725 circumstantiam

55 772 72 802 ε
98 765 166 807 non
184 745 276 825 possit
290 740 423 803 confiteri
444 742 508 801 sine
520 744 680 804 violatione
696 743 807 823 sigilli,
822 763 851 804 v.
864 763 895 824 g.
908 747 933 805 si
947 746 1075 809 invalide

56 855 73 885 s
99 830 276 890 absolvisses
298 825 509 898 simoniacum,
521 844 575 887 nec
592 846 690 905 posses
701 828 856 903 confiteri,
875 830 934 890 nisi
942 830 986 891 illi
1000 875 1009 905 ,
1022 832 1074 911 qui

56 939 72 969 ε
98 913 188 975 facilc
201 912 270 973 inde
286 916 383 989 posset
394 909 559 987 conjicere,
580 913 718 989 quisnam
731 914 782 975 ille
795 922 881 975 esset.

99 999 220 1059 486-
234 1019 248 1049 u
261 996 303 1055 Ex
324 994 462 1055 omnibus
473 993 561 1074 supra
578 994 665 1056 dictis
688 1000 822 1078 seqnitur
836 997 968 1059 excusati
986 996 1075 1060 etiam

57 1109 73 1138 n
99 1089 260 1159 sequentes
282 1076 319 1137 ab
346 1076 513 1155 integritate
532 1081 678 1141 materiali
697 1102 706 1142 s
732 1084 758 1142 l.
776 1083 833 1157 Qui
852 1080 963 1143 habent
976 1100 1075 1143 casnm

59 1194 74 1222 s
101 1170 306 1236 reservatum,
323 1162 360 1221 de
375 1180 436 1239 quo
447 1163 539 1235 infra,
553 1170 582 1223 ct
597 1165 704 1244 Loym.
719 1162 741 1224 l.
756 1168 785 1226 t.
801 1174 823 1225 t.
833 1167 864 1225 6.
877 1185 903 1227 c.
919 1169 967 1229 12.
979 1192 993 1221 ι
1008 1165 1076 1246 (Sed

60 1250 145 1311 circa
162 1246 215 1309 ltcc
230 1246 296 1309 vide
305 1266 338 1305 n.
350 1248 418 1307 265.
431 1264 460 1306 a.
473 1250 531 1323 Qu.
545 1247 926 1327 tt.)«1t.sauputosum,
942 1252 994 1328 qui
1008 1269 1075 1329 pec·

62 1362 75 1389 ι
102 1333 195 1413 petuo
209 1334 327 1411 angitur
337 1331 374 1392 de
387 1331 497 1393 oblitis.
512 1356 525 1385 n
546 1333 607 1410 (lto
624 1332 715 1393 etiam
730 1330 850 1395 Holzm.
870 1352 903 1393 a.
924 1336 992 1395 550.
1010 1353 1076 1395 cam

60 1437 182 1495 cossim„
199 1425 227 1478 et
237 1413 322 1477 attat
333 1434 366 1476 n.
377 1417 445 1475 tto,
456 1434 522 1476 cam
536 1418 643 1497 Laym.
659 1414 726 1477 Illa.
739 1425 768 1476 ct
779 1416 872 1494 Stoa.)
889 1420 966 1477 «lll.
980 1418 1076 1493 Quem

61 1530 77 1559 tt
101 1503 238 1564 sacerdos
252 1500 377 1561 absolvit
389 1509 456 1560 ante
473 1500 585 1576 linem,
601 1502 705 1562 nolens
716 1503 818 1563 omnic
831 1502 955 1569 audine,
974 1510 1009 1562 ot
1023 1501 1077 1562 ha·

64 1613 79 1641 n
107 1589 159 1649 bet
172 1590 250 1648 Bon.
274 1582 333 1643 hic.
349 1586 400 1644 tv.
424 1585 518 1657 Quem
539 1587 613 1645 fallit
634 1588 796 1659 memoria,
814 1588 854 1646 ita
876 1596 911 1647 nt
927 1586 1024 1660 dicat,
1045 1606 1076 1647 sc

65 1698 79 1726 n
103 1674 180 1733 scine
191 1674 223 1732 in
240 1687 368 1748 genere,
384 1666 465 1747 quod
481 1670 645 1747 peccaverit
654 1671 838 1741 mortaliter,
849 1689 911 1732 non
922 1688 1077 1732 occurrere

67 1783 80 1811 ι
103 1768 204 1817 autam
215 1755 342 1835 speciem
357 1752 489 1831 peccati:
506 1754 560 1813 etsi
577 1762 648 1813 tunc
663 1755 777 1814 veniale
789 1754 909 1832 aliquod
921 1754 1028 1815 addere
1037 1756 1076 1816 sit

66 1869 80 1897 ε
104 1841 284 1903 consultum.
294 1841 336 1899 lta
350 1837 454 1898 Gonia.
468 1841 609 1917 ettaym.
624 1834 679 1900 ιι.
694 1839 865 1899 controSot.
875 1836 1075 1900 etlledinam.

66 1952 80 1982 a
105 1928 145 1987 V.
160 1928 234 1986 Eum
247 1923 299 2003 qui
313 1920 445 1983 extreme
461 1922 563 1994 rudis,
578 1923 626 1982 vel
638 1923 781 2002 simplex,
798 1922 872 1983 (licit
886 1940 917 1983 sc
926 1923 1026 1985 dolere
1038 1924 1076 1985 de

68 2040 81 2068 ιι
106 2012 251 2092 peccatis,
276 2009 394 2068 nullum
415 2015 514 2068 tamen
544 2008 577 2067 in
602 2009 720 2086 specie,
737 2025 776 2068 nc
794 2008 908 2069 veniale
930 2008 1074 2087 qnidam,

69 2124 82 2150 n
106 2097 179 2157 sciat
191 2095 304 2154 dicere:
320 2093 371 2170 qui
385 2093 459 2164 etsi,
476 2091 656 2172 speculativis
665 2093 832 2172 loquendo,
848 2093 1075 2172 possetahsolvi‚

69 2208 82 2235 o
106 2177 231 2260 practice
250 2187 348 2238 tamen
363 2195 423 2237 non
437 2178 578 2255 expedit,
599 2177 649 2238 sed
661 2177 728 2238 data
742 2178 947 2238 bencdictione
959 2177 1078 2253 permit·

69 2293 82 2321 a
106 2275 187 2326 tatur
200 2262 428 2323 communicare.
440 2265 483 2322 lta
497 2265 604 2343 leym.
616 2259 670 2324 loc.
682 2264 731 2322 cit.
742 2263 794 2320 vt.
806 2263 862 2335 Qui
880 2259 999 2338 aliquod
1009 2278 1077 2338 pec·

69 2375 82 2405 ι
107 2358 204 2409 catum
217 2364 278 2406 non
290 2353 386 2424 potest
400 2346 534 2407 confiteri
546 2347 610 2406 sine
623 2345 772 2423 complicis
788 2345 979 2405 infamatione
989 2388 997 2416 ‚
1006 2361 1035 2403 v.
1044 2363 1074 2423 g.
1181 2354 1184 2367 '

69 2463 84 2491 s
106 2437 130 2496 si
146 2450 291 2514 peccasses
305 2449 373 2492 cum
382 2441 476 2493 matre
488 2475 497 2504 ‚
508 2433 557 2494 vel
569 2449 691 2504 senona,
708 2449 797 2510 quam
807 2430 998 2491 confessarius
1009 2447 1078 2490 nos·

72 2543 86 2573 a
108 2525 168 2589 εει,
191 2523 264 2578 tnnc
283 2517 387 2590 enim,
405 2517 429 2576 si
443 2516 535 2576 alium
550 2514 762 2577 confessarium
777 2533 838 2575 non
857 2522 942 2594 potes
954 2512 1075 2588 habene,

72 2627 85 2657 ιι
109 2619 196 2681 qoem
213 2599 283 2662 alias
304 2600 386 2660 adine
400 2601 561 2674 tenereris,
579 2601 748 2670 sufficeret,
765 2598 826 2660 imo
850 2601 972 2660 deberet
993 2599 1075 2672 dici,

73 2712 86 2742 ι
109 2687 185 2766 qnod
204 2687 304 2746 animo
317 2703 385 2744 cum
407 2688 462 2758 aa,
480 2686 527 2746 vel
547 2686 578 2746 in
592 2702 701 2764 ganeae
712 2702 780 2744 cum
794 2684 892 2763 aliqua
907 2685 1077 2746 fornicatio-

73 2799 86 2827 »
108 2791 187 2845 nem,
198 2772 245 2832 vcl
255 2771 399 2830 incestum
410 2769 622 2843 commisisses,
638 2769 789 2830 reticendo
796 2769 921 2847 gradum
931 2769 1075 2847 primum,

73 2882 87 2912 a
109 2859 155 2919 vel
170 2855 330 2917 seeundum
342 2899 350 2928 ,
361 2854 458 2932 quoad
470 2855 571 2915 licebit
589 2857 653 2915 sine
667 2855 902 2915 manifestatione
914 2857 1076 2934 complicis,

74 2967 87 2994 s
111 2959 174 3002 eum
191 2940 342 3018 proposito
362 2937 522 2998 confitendi
538 2938 653 3019 integre
672 2937 814 2998 sacerdoti
834 2938 919 2998 alteri
943 2939 1078 3020 proxima

75 3051 88 3078 o
111 3025 267 3087 occasione.
277 3021 605 3100 ltapnobabilitecNoo.
615 3041 681 3102 cop.
691 3023 805 3083 7.Boo.
815 3022 953 3085 caninat.
961 3021 1074 3086 Volent.

75 3135 87 3162 n
112 3112 205 3188 Praep.
217 3105 263 3168 hic
282 3104 352 3167 dab.
366 3108 395 3166 6.
409 3107 549 3168 Gorneae.
568 3109 620 3166 etc.
633 3107 718 3167 Ratio
731 3115 775 3166 cst
787 3151 796 3179 ‚
808 3108 877 3185 quia
890 3107 1008 3184 quando
1018 3106 1077 3165 dno

75 3221 88 3250 ι
111 3201 249 3274 praeopta
273 3193 374 3252 divina
387 3201 583 3266 concurrunt,
606 3196 741 3254 naturale
756 3203 786 3253 et
802 3194 987 3272 positivum,
1011 3213 1078 3273 quae

76 3306 89 3334 u
111 3279 195 3339 simul
207 3277 317 3336 servani
327 3294 388 3337 non
404 3283 544 3354 possunt,
561 3278 777 3355 praeferendum
787 3285 831 3336 est
843 3278 994 3350 naturale,
1009 3277 1079 3355 quia

77 3389 89 3417 s
111 3360 237 3423 strictiias
250 3362 371 3440 obligat.
385 3362 445 3420 Etsi
455 3361 637 3438 probabiliics
650 3362 831 3424 contrariom
840 3359 947 3421 docent
958 3360 1076 3422 Fillc'uc.

78 3473 90 3500 n
112 3449 195 3508 Scor.
216 3445 305 3524 Vcsq.
328 3447 409 3505 Lesa.
430 3443 520 3506 Cerci.
541 3444 576 3506 dc
594 3451 675 3526 Lupo
695 3440 760 3505 crt'
774 3444 823 3503 tt.
843 3463 875 3505 o.
893 3446 962 3506 tat.
985 3447 1076 3522 Harl.

79 3555 91 3584 ι
114 3533 180 3592 Coo.
196 3527 291 3592 etalii
303 3547 449 3593 cenoman.
467 3528 550 3590 Unde
561 3530 627 3592 talis
634 3529 737 3591 saltem
748 3546 809 3590 non
822 3527 973 3591 tenebitur
984 3532 1080 3592 tacere

118 3617 194 3675 Tem.
211 3614 255 3675 VI
257 3654 266 3674 .
885 3613 924 3676 55
