2450 3975
159 198 198 263 51
393 194 458 259 lib.
470 196 499 258 t.
521 196 618 258 Praei.
633 195 663 257 5.
680 189 936 258 narnienses.

196 301 266 365 115.
279 334 318 349 -
331 298 480 373 Quaeritur
491 298 528 361 11.
543 298 588 359 in
602 299 611 357 i
616 314 635 359 n
646 296 862 359 ransmissa
873 296 971 359 calicis
990 298 1050 361 acle
1063 300 1173 375 uerba,

159 388 191 449 11
194 386 219 449 ia
236 392 281 447 ast
294 380 375 446 calis
386 381 545 465 saayua'aa's
556 380 617 444 anei
628 428 636 457 ,
647 382 707 443 sint
718 381 913 443 deessentia‘t

195 470 303 532 Prima
320 468 465 531 sententia
483 474 589 545 negat,
608 476 640 528 st
658 466 735 527 benc
753 473 856 527 teuent
871 468 983 544 liceat,
997 471 1086 533 Mara.
1099 481 1124 533 t.
1141 474 1171 532 6.

155 573 188 635 p.
201 556 270 617 181.
281 550 412 615 etSalm.
426 550 462 614 ale
476 550 571 613 sact.
586 569 612 613 a.
626 554 656 613 t.
666 570 699 633 p.
715 554 746 613 2.
758 568 792 612 aa.
804 553 853 612 ile.
867 569 933 613 eum
942 555 975 614 S.
995 557 1171 633 Antonino,

154 636 278 721 Qlaast.
296 635 407 700 Patra.
422 639 515 700 Hert.
530 634 759 697 Arau.1te'cltar.
779 642 844 712 sta,
864 638 917 716 qui
937 637 1058 713 dicunt,
1071 644 1174 703 omnia

153 723 244 785 turba
257 722 426 801 sequentia,
442 720 524 782 Noai
534 728 564 781 et
575 723 677 781 aeterni
701 721 867 782 testamenti
877 766 887 795 ,
898 730 952 784 ete.
963 723 1002 784 ad
1013 728 1172 789 wantiam
1223 761 1224 764 =

155 808 305 889 pertinire
319 828 328 867 a
340 815 370 867 et
382 824 437 884 pro
452 804 506 865 hae
516 806 662 867 sententia
681 805 799 865 videtur
810 822 873 867 esse
889 808 930 868 D.
947 807 1077 873 stanes
1093 811 1128 873 iss
1140 815 1171 873 1.

155 894 185 955 al.
198 894 226 954 8.
240 900 298 953 art.
318 893 349 953 2.
361 907 413 977 pas.
431 892 461 952 1.
482 889 612 961 ubisit:
630 890 674 951 Et
689 886 755 951 taes
770 886 826 949 illa
843 907 911 971 pac
919 902 1087 971 apamiae
1101 903 1172 957 sant

145 974 328 1038 ,essentialia
338 974 497 1057 stupuisti,
509 982 601 1057 prusa
611 972 646 1035 in
660 972 713 1035 baa
724 983 907 1037 sacramenta
919 986 1128 1057 marmur,
1145 988 1172 1042 st

155 1060 222 1123 idel
233 1066 346 1143 oportet
361 1058 515 1142 paldrici
530 1056 742 1121 asabsentia
752 1055 870 1139 smne.
888 1059 981 1139 Ergb,
999 1062 1042 1124 eit
1054 1064 1172 1136 Gestat,

154 1146 178 1205 si
200 1146 289 1207 verba
307 1145 358 1206 illa
369 1154 439 1206 sunt
462 1144 625 1205 essentialia
640 1144 775 1221 sanguini
788 1188 797 1217 ,
810 1150 881 1205 sunt
894 1145 984 1205 etiam
1004 1150 1173 1211 essentialia

153 1230 267 1292 larmoe.
288 1231 374 1293 Ratio
400 1228 490 1308 huJus
520 1230 675 1290 sententia
696 1236 766 1303 est,
800 1230 870 1308 quia
901 1230 1085 1294 eucharistia
1108 1254 1171 1297 non

152 1314 251 1377 saltim
275 1324 320 1378 est
344 1315 478 1377 instituta
502 1313 540 1375 sd
560 1313 785 1392 significandum
810 1332 917 1394 eorpus
940 1323 972 1377 et
992 1319 1173 1397 sanguinem

152 1399 260 1462 Christi
284 1418 338 1480 per
365 1400 488 1462 madum
515 1400 573 1461 cibi
592 1408 623 1458 et
639 1398 750 1477 potius,
775 1399 827 1460 sed
850 1401 939 1461 etiarn
960 1400 998 1461 sd
1018 1404 1174 1482 explican-

153 1484 222 1545 dam
241 1486 385 1545 virtutem
407 1485 551 1564 passionis
573 1482 704 1556 Christi,
732 1482 828 1545 idest
854 1492 1040 1563 peccatamm
1062 1490 1175 1551 remis-
1223 1484 1224 1487 ’

152 1571 267 1631 sionem
282 1588 347 1649 ques
365 1568 491 1630 habetur
502 1586 556 1647 pet·
572 1567 745 1629 effusionem
763 1570 914 1647 sanguinis
929 1588 967 1632 ex
987 1588 1066 1633 nova
1079 1581 1175 1635 tasta-

153 1664 256 1715 mento
283 1664 340 1717 etc.
364 1653 442 1733 Ergb
471 1653 560 1714 verba
594 1656 772 1729 sequentia,
801 1670 869 1732 quae
893 1653 969 1717 bana
997 1658 1177 1734 exprimunt
1223 1663 1224 1666 ’

153 1740 325 1813 uirtutem,
351 1737 509 1800 dicendum
541 1745 585 1798 est
607 1737 645 1797 ad
675 1738 833 1799 essentiam
867 1738 969 1799 ianua
1003 1740 1174 1818 pertinere.
1223 1815 1224 1818 Ἴ

152 1816 357 1887 Censentverb
369 1820 464 1885 Salsa.
474 1822 508 1885 sle
517 1821 613 1884 Euri.
625 1840 652 1882 e.
665 1824 694 1883 5.
705 1842 739 1904 p.
749 1824 821 1883 aa.
832 1823 882 1883 51.
896 1841 958 1885 nau
967 1824 1174 1887 omnisverba
1223 1827 1224 1876 ἶ

151 1907 358 1986 subsequentia
371 1924 433 1967 esse
446 1906 609 1969 essentialia
622 1948 630 1977 ,
643 1925 714 1966 uam
730 1906 856 1967 verbum
870 1906 977 1969 oetema‘
992 1908 1174 1971 virtualiter

154 1991 318 2052 includitur
333 1993 366 2052 in
378 1992 452 2065 illis,
466 1991 538 2054 acci
559 1990 740 2069 testasnenti,
760 2000 792 2053 et
808 1992 898 2052 verbu
912 1991 1087 2074 mysterium
1095 1992 1177 2075 fidei
1223 2054 1224 2067 2

150 2075 344 2137 includuntur
355 2077 385 2135 iu
399 2076 457 2136 iilis
468 2120 476 2146 ,
489 2074 544 2156 psai
557 2093 614 2156 pra
633 2074 714 2138 aubis
731 2075 912 2157 effundetur,
924 2085 981 2137 ete.
1223 2070 1224 2137 Ϊ

189 2159 323 2220 &sanda
346 2159 493 2222 sententia
515 2158 586 2220 vert
607 2163 814 2234 communior,
834 2179 924 2240 quarn
940 2168 1043 2223 teuent
1062 2163 1176 2228 &ctas
1223 2198 1224 2201 ¹

151 2245 184 2306 isa
196 2247 224 2306 1.
238 2243 270 2305 d.
282 2247 312 2306 8.
325 2263 354 2325 q.
367 2245 396 2306 2.
418 2245 532 2306 Patrae.
547 2251 616 2306 tum.
629 2246 660 2305 5.
678 2262 712 2325 p.
726 2247 835 2326 526.sp
858 2247 888 2306 2.
908 2242 997 2308 Hele.
1017 2263 1049 2326 p.
1069 2249 1122 2309 tt.
1135 2269 1173 2312 ea.
1223 2250 1224 2323 ᾗ

148 2331 346 2393 studeant.
357 2329 386 2390 t.
394 2349 428 2411 p.
439 2331 507 2390 168.
523 2331 608 2391 Garat.
619 2333 730 2392 reare.
740 2327 795 2392 lae.
805 2329 954 2411 sapsdait.
965 2331 1172 2396 cassasset.

149 2418 179 2476 1.
190 2415 273 2495 Lapa
283 2412 314 2474 al.
329 2417 378 2475 tt.
393 2433 426 2474 aa.
438 2415 488 2476 60.
498 2431 566 2475 eata
578 2410 817 2496 BallumSpor.
831 2433 864 2475 n.
877 2416 945 2476 185.
956 2430 1023 2475 aaut
1031 2417 1066 2476 8.
1080 2420 1171 2482 Bon.
1223 2420 1224 2423 ’

27 2503 33 2518 “
147 2503 273 2562 etSasar.
290 2497 1171 2581 acpluresexihomistis,utSst.Ganteas.Wlp.atcerte,

146 2586 219 2647 dicit
232 2585 293 2647 saia
310 2584 422 2655 verba,
439 2582 497 2647 His
506 2592 550 2646 est
559 2579 640 2644 salia
653 2581 810 2663 sanquinis
819 2582 891 2657 aaa,
909 2601 972 2644 esse
986 2583 1025 2645 ad
1034 2585 1173 2651 tannem

149 2671 324 2732 essentialia.
341 2669 470 2730 Probent
492 2668 521 2728 1.
539 2685 575 2728 cx
593 2667 692 2728 verbis
709 2671 749 2728 D.
760 2667 854 2733 Paala'
867 2670 897 2728 1.
918 2665 960 2730 saal
975 2670 1042 2731 Gur.
1057 2688 1084 2731 a.
1112 2675 1169 2737 11.

148 2755 184 2827 i.
195 2757 243 2815 bii.
254 2753 312 2816 Hie
323 2751 402 2816 talia
411 2771 522 2816 nouam
532 2759 736 2814 testamentum
747 2759 831 2816 satia
839 2771 902 2814 meo
909 2753 1067 2835 sanquine.
1077 2757 1171 2820 Unde
1223 2822 1224 2825 ,

145 2839 250 2900 dicunt
262 2853 323 2898 nun
339 2855 402 2898 esse
411 2837 568 2912 credibile,
584 2836 666 2916 quiid
675 2839 823 2917 apostulus
834 2838 947 2919 aliquid
955 2840 1114 2901 essentiane
1126 2846 1169 2908 ad

144 2924 271 2986 turmam
288 2921 431 2982 amiserit.
449 2922 580 2984 Probent
600 2924 632 2983 5.
652 2924 785 2996 ratione,
804 2924 874 3002 quia
899 2922 962 2985 hec
981 2924 1044 2986 sale
1067 2929 1169 2992 verbu

144 3003 312 3087 significent
337 3005 524 3086 praesentiam
538 3006 809 3085 sanguinischristi
830 3008 885 3069 sub
900 3007 1052 3086 speciebus
1074 3011 1168 3092 vini3
1223 3012 1224 3079 ζ

144 3093 201 3155 alia
213 3090 285 3152 verb
298 3091 449 3169 pertinent
460 3091 498 3152 ad
509 3093 710 3170 integritatem
720 3093 841 3171 quidem
852 3093 974 3166 terme,
986 3110 1047 3154 uun
1058 3103 1169 3162 autem

143 3178 181 3240 ad
196 3176 364 3240 essentiam.
376 3179 412 3239 Et
422 3175 500 3238 hene
511 3177 600 3240 tuine
615 3180 746 3240 mentem
755 3179 797 3239 D.
809 3175 928 3239 saraae
946 3174 1067 3238 censam
1077 3179 1168 3244 uho-

143 3263 237 3326 mistas
246 3262 298 3342 qui
310 3261 400 3341 hujus
411 3270 481 3325 sunt
497 3263 673 3338 sententie,
699 3261 774 3325 dum
792 3263 824 3323 S.
835 3264 963 3337 Doctus,
976 3262 1099 3341 quaudo
1116 3267 1167 3329 iu·
1223 3262 1224 3265 ’

142 3348 245 3426 quitur
254 3347 291 3409 dc
304 3348 409 3428 primis
425 3347 525 3410 verbis
535 3348 581 3429 (ut
598 3347 745 3428 inqaoest.
761 3349 812 3410 78.
824 3355 886 3408 art.
900 3347 944 3426 1.)
956 3347 1028 3410 dicit
1040 3365 1075 3410 aa
1092 3367 1167 3430 spe·

141 3441 222 3492 utare
234 3431 272 3492 at
284 3432 442 3494 sessanum
448 3455 461 3510 ,·
475 3431 544 3494 eum
558 3431 631 3494 verb
643 3431 826 3510 loquiturde
839 3432 1047 3511 sequentibus,
1058 3432 1167 3513 inquit

141 3522 272 3590 spectare
287 3515 324 3574 ad
335 3515 532 3578 substantiam
549 3517 665 3578 forme.
677 3518 745 3577 iisse
754 3526 854 3578 autem
868 3516 1024 3596 explicatio
1035 3533 1074 3577 an
1087 3519 1165 3579 varai

141 3597 180 3676 sit
189 3593 272 3670 juxta
287 3605 417 3658 mentem
428 3601 470 3664 D·
484 3599 600 3666 Tisaeae
610 3617 698 3675 ,utu
713 3601 784 3664 satis
793 3601 956 3684 percipitur
966 3621 976 3665 t
988 3600 1070 3662 uude
1078 3600 1162 3669 bene
