2450 3975
127 204 186 265 lid
370 205 431 269 uit.
446 208 476 267 o.
496 209 593 288 Tenet.
607 207 638 268 d.
648 208 693 267 Dc
710 206 895 286 pestilenter.

128 310 310 388 spiritualem
330 310 504 384 violaverit,
521 319 693 389 perpetuam
706 310 911 389 poenitentiem
927 320 1002 391 aget.
1024 314 1054 376 ll.
1079 314 1137 391 Qui

129 393 272 455 incestum
290 394 395 455 lecerit
409 394 481 473 (non
497 397 536 456 ita
551 395 714 474 enormem)
732 396 878 474 poenitens
898 398 956 458 crit
977 400 1016 459 lu
1032 418 1138 461 anuos.

128 480 158 538 (l.
173 479 231 553 Qut
247 480 407 540 monialem
421 481 592 555 violaverit,
610 481 755 559 poenitens
772 480 812 540 sit
829 499 923 543 annos
942 482 1055 545 decem.
1068 488 1098 546 7.
1108 484 1138 545 Si

127 582 185 643 qua
200 564 309 625 mulier
329 584 464 638 cerussa,
478 566 573 626 aliove
589 567 741 645 pigmento
755 583 787 625 sc
799 565 925 639 oblinit,
943 576 976 629 ut
990 569 1056 630 aliis
1066 571 1139 631 viris
1218 504 1221 635 d

127 650 260 729 placent,
274 651 479 730 poenitentium
493 659 559 728 aget
571 668 664 711 annos
683 659 753 711 tres.
768 652 799 710 8.
814 652 844 710 Si
857 652 1011 731 presbyter
1029 672 1139 733 cogno-

126 734 271 797 vltfiliam
283 754 367 799 suam
384 736 586 814 spiritualem,
602 753 691 814 quom
703 734 814 797 scilieet
827 734 1003 813 baptizavit,
1013 739 1062 798 vel
1074 758 1139 817 qum

126 819 184 882 sibi
202 814 329 884 consessa
343 819 399 880 luit
411 865 419 892 ,
433 819 521 880 debet
538 820 744 897 poenitentiam
762 838 848 899 agere
861 820 1018 883 duodecim
1033 841 1137 883 annos.

127 906 188 967 Etsi
221 907 333 967 crimen
361 906 401 966 sit
426 905 640 979 manifestum,
678 904 766 966 debet
786 905 921 985 deponi,
942 914 973 966 et
1003 909 1137 985 peregri·
1220 908 1221 917 ’

127 991 225 1052 nando
245 994 283 1052 tu
303 1008 395 1051 annos
422 990 562 1069 poeniteat
574 1035 585 1065 ,
606 998 637 1051 et
663 1000 761 1069 postea
787 992 1000 1051 monasterium
1022 994 1134 1066 intret,

128 1077 188 1136 toti
207 1076 267 1135 viti
279 1075 332 1134 sud
345 1084 513 1135 moraturus
531 1074 653 1136 ibidem.
667 1076 697 1135 9.
713 1077 770 1135 Pro
782 1075 926 1137 adulterio
946 1078 1094 1155 septennii
1109 1086 1139 1135 ct

127 1160 261 1222 decennii
274 1160 448 1239 poenitentia
466 1159 642 1239 imponitur.
661 1162 710 1221 lu.
721 1162 778 1221 Pro
801 1160 901 1221 osculo
925 1178 977 1222 seu
1000 1162 1137 1241 amplexu

127 1245 277 1325 impudico
288 1245 409 1324 triginta
419 1245 536 1306 dierum
549 1246 721 1325 punitentia
734 1245 884 1305 statuitur.

169 1331 255 1394 Circo
265 1333 331 1393 llll.
344 1340 534 1413 preceptum.
560 1334 589 1393 l.
607 1332 637 1393 Si
660 1332 726 1409 quis
745 1332 859 1391 lurtum
880 1332 918 1392 de
938 1350 972 1393 re
989 1326 1139 1395 minori...

128 1416 248 1489 lecerit,
268 1419 475 1497 prenitentiam
490 1424 556 1495 aget
572 1435 685 1477 annum
704 1435 809 1477 unum.
833 1418 862 1477 2.
885 1418 941 1493 Qui
961 1417 1078 1477 furatus
1097 1428 1140 1479 est

129 1503 240 1580 aliquid
253 1503 291 1564 de
312 1504 446 1563 Ecclesiae
464 1503 660 1584 supellectili,
677 1502 724 1561 vel
741 1500 902 1577 thesauro,
921 1503 968 1563 vel
982 1503 1140 1579 pecuniam

127 1588 375 1660 ecclesiasticam,
396 1587 600 1649 oblationesve
623 1587 757 1647 Ecclesiae
775 1587 887 1663 lactas3
909 1588 1056 1666 poenitens
1083 1589 1141 1647 crit

128 1692 220 1734 nonos
236 1682 360 1753 septem.
375 1674 405 1734 5.
419 1672 477 1746 Qui
492 1673 637 1733 decimam
662 1672 718 1732 sibi
734 1672 911 1745 retinuerit,
929 1680 980 1731 eut
995 1671 1068 1731 dere
1088 1690 1141 1731 nc·

127 1759 269 1839 glexerit,
284 1758 486 1837 quadruplum
502 1758 639 1820 restituet
651 1801 659 1829 ,
670 1766 704 1819 et
724 1757 929 1837 poenitentlam
949 1764 1015 1835 aget
1027 1756 1091 1815 dies
1103 1758 1142 1816 20

131 1864 204 1923 pane
216 1852 247 1904 et
260 1844 345 1921 aqui.
361 1844 390 1904 d.
408 1843 465 1917 Qui
491 1861 593 1905 usuras
607 1842 713 1921 accipit
725 1886 733 1915 ,
746 1841 881 1920 rapinam
895 1840 964 1903 lacit
973 1882 1031 1915 ,....
1046 1840 1141 1919 poeni·

130 1930 251 1992 tentiam
263 1936 327 2006 aget
339 1927 423 1989 annis
438 1927 554 2002 tribus,
569 1946 630 1989 una
645 1928 677 1986 in
697 1944 771 2006 pone
785 1935 815 1987 et
825 1944 911 2006 aqua.
939 1991 942 1996 ,
1220 1958 1221 1961 ¹

169 2013 254 2074 Circa
267 2015 336 2073 Vlll
346 2009 534 2092 preceptum.
551 2015 578 2072 l.
591 2013 648 2086 Qui
661 2013 734 2072 falso
751 2011 924 2073 testimonio
939 2009 1140 2082 consenserit,

128 2099 272 2177 poenitens
289 2097 346 2157 erit
357 2114 450 2156 annos
463 2098 607 2174 quinque.
622 2099 652 2158 2.
668 2098 853 2159 Fnlsnriusin
864 2113 941 2174 pane
951 2103 981 2155 et
995 2113 1070 2171 aqua
1084 2113 1144 2172 poe·

130 2185 282 2246 nitentium
304 2190 370 2262 agat
391 2181 534 2259 quamdiu
549 2184 634 2243 vivit.
651 2183 680 2242 5.
702 2184 733 2242 Si
758 2183 824 2261 quis
846 2183 883 2242 de
900 2180 1040 2262 proximo
1057 2179 1142 2242 lncild

128 2271 304 2334 detraxerit,
319 2266 464 2345 poeniteus
479 2268 535 2327 erit
550 2266 611 2326 dies
625 2276 738 2346 septem
758 2269 789 2328 io
804 2285 878 2345 pane
891 2276 920 2324 et
933 2282 1020 2341 aquia.

170 2353 254 2414 Circo
268 2354 317 2414 IX.
334 2359 364 2412 et
376 2353 413 2411 lt
424 2359 612 2434 prereptum.
631 2353 659 2412 l.
674 2355 746 2414 Rem
757 2353 887 2412 alienam
910 2346 1019 2410 nelarie
1038 2365 1143 2408 concri-

130 2441 262 2520 pisceus,
284 2455 463 2515 nvarusque,
485 2439 629 2516 poenitcns
646 2440 703 2498 crit
722 2438 816 2500 tribus
842 2436 936 2496 anuis.
959 2436 989 2494 2.
1019 2435 1050 2493 Si
1074 2433 1142 2511 quis
1220 2457 1221 2522 p

129 2525 307 2602 concupiscit
320 2523 476 2596 fornicari,
493 2523 517 2582 si
534 2525 714 2602 Episcopus,
733 2523 879 2602 poeuitens
891 2521 949 2581 erit
971 2535 1063 2578 annos
1074 2537 1141 2596 sep·
1220 2525 1221 2562 l

130 2622 190 2671 tem
206 2632 214 2670 ε
231 2609 256 2669 si
276 2608 595 2688 presbytcr,quinque
617 2629 625 2666 ε
649 2610 673 2670 si
694 2609 852 2680 diaconus,
878 2605 926 2668 vel
952 2601 1139 2678 monachus,
1220 2625 1221 2712 p

130 2706 235 2758 tres...
249 2715 258 2753 c
270 2696 295 2756 si
312 2695 451 2767 clericus,
470 2704 522 2760 aut
538 2694 647 2768 laicus,
668 2713 761 2756 aranos
772 2694 855 2754 duos.

505 2849 712 2910 narramus
727 2851 766 2910 11.
834 2834 837 2840 ’

339 3021 379 3063 ἨΕ
399 3020 609 3065 sutrsrlcrtuus
630 3021 683 3063 reu
704 3019 914 3062 ruuutusurtts.

597 3155 624 3236 g.
641 3159 664 3216 1.

129 3311 225 3405 Quid
247 3311 293 3384 sit
308 3308 561 3410 indulgentia,
582 3307 727 3408 etquid
741 3307 791 3382 ad
803 3333 881 3382 eam
904 3305 1143 3407 requiretur?

43 3477 46 3480 ’
126 3478 171 3525 531
193 3479 515 3548 Quidettiodolpcntiot

126 3548 175 3622 use
193 3552 259 3606 Quo
276 3565 363 3602 causo
374 3554 537 3618 requiratur
551 3553 590 3606 od
600 3553 803 3622 indulcoratam
816 3552 1005 3608 lucrandum?

127 3615 175 3661 555
192 3618 259 3676 Quo
270 3622 453 3686 requirantur
465 3625 661 3680 conditiones?
