2450 3975
180 242 256 321 Cap.
269 240 300 299 2.
318 237 365 298 Dc
379 231 504 316 attbjecto
517 230 724 295 Eucharistiae.
739 232 819 297 Dub.
830 235 861 295 7.
873 231 937 297 Art.
947 238 978 299 b.
1039 236 1077 298 95

75 337 134 392 sunt
153 328 319 409 capucndae
340 350 349 388 a
368 345 430 388 non
447 325 519 388 verb
540 334 585 387 est
603 327 745 405 obligatio
768 326 926 389 adhibendi
953 328 1079 410 diligen·

76 418 136 475 tiam
148 418 183 477 ad
198 414 342 492 reliquias
354 413 420 473 illas
437 429 474 473 ex
486 412 626 472 dentibus
646 411 857 485 extrahendas,
877 416 990 475 etiamsi
1002 434 1078 493 prae·

75 500 221 561 videantur
236 497 456 577 deglutiendee,
482 497 506 555 si
525 514 586 556 uon
602 496 797 556 extrahantur
806 541 817 573 ‚
843 506 873 556 et
901 516 969 559 cum
987 501 1076 560 saliva

76 583 266 660 deglutiantur
280 605 289 658 3
305 579 376 641 alias
388 582 469 640 enim
487 580 551 640 baec
570 581 710 659 obligatio
731 587 806 640 esset
824 581 987 643 innumeris
1002 602 1080 645 scru-

77 670 156 745 pulis,
170 678 201 729 et
221 665 465 747 perplexitatibus
485 660 630 741 obnoxia,
652 665 690 725 ad
716 664 796 744 quod
822 664 902 727 certe
923 683 983 729 non
1003 686 1078 746 prae·

77 754 189 813 sumitur
203 754 332 813 Ecclesia
346 750 476 811 voluisse
496 748 639 828 obligare.

106 838 262 898 Dubitatur
281 840 311 898 2.
334 854 373 894 an
398 834 521 913 guttulae
537 853 620 911 aqum
638 853 706 895 cum
729 836 819 897 saliva
840 836 1004 910 inmixta,
1027 845 1079 899 aut

73 916 165 993 jusculi
180 921 349 999 degustati,
363 920 388 978 si
410 936 447 978 ex
463 919 616 996 proposito
638 919 858 998 deglutiantur,
877 922 1014 1002 frangant
1034 922 1080 999 jc·
1146 924 1151 935 '

73 1003 202 1080 junium?
218 1006 249 1064 Si
265 1004 414 1083 praedictae
436 1005 562 1080 guttulae
588 1021 654 1063 casu
673 1004 883 1080 trajiciuntur,
903 1015 1017 1069 eertum
1035 1015 1080 1067 est

75 1107 182 1151 casnon
195 1091 333 1169 inungere
345 1088 517 1166 jejunium,
538 1088 628 1149 modb
650 1107 711 1149 non
732 1091 791 1151 sint
812 1092 845 1150 iu
866 1110 970 1170 magna
984 1110 1078 1171 quan·

75 1174 161 1250 tiata,
179 1176 337 1235 itaomnes
354 1192 423 1233 cum
439 1174 481 1233 D.
507 1170 562 1234 Ti.
578 1172 660 1239 dicto
674 1193 703 1253 q.
723 1176 773 1234 80.
789 1181 848 1234 ort.
872 1176 903 1235 8.
919 1175 960 1237 od
976 1178 1007 1236 t.
1025 1178 1077 1239 ubi

75 1260 109 1318 ait
119 1280 128 1317 a
138 1262 180 1319 Et
200 1259 303 1321 eadem
317 1260 454 1319 reticeat
470 1255 507 1318 de
526 1254 662 1336 reliquiis
689 1277 776 1337 aquoe
789 1303 798 1329 ‚
809 1254 855 1319 uel
875 1258 959 1331 uini,
973 1260 1080 1339 quibua

75 1360 102 1403 oa
115 1342 261 1422 abluitur,
281 1341 442 1405 wermuda}
461 1360 525 1403 ooo
553 1341 746 1422 trajiciuntur
773 1342 806 1402 in
823 1361 934 1423 mopoo
958 1344 1080 1424 quonti-

76 1433 138 1505 tate,
156 1427 206 1489 aad
217 1428 375 1509 permixtae
389 1425 511 1499 aelium,
534 1425 615 1505 quod
631 1426 724 1488 vitari
742 1446 802 1487 noo
825 1435 928 1507 potest.
948 1430 1079 1490 Dubium

76 1523 114 1573 est
127 1513 217 1593 igitur
232 1515 258 1582 si
279 1530 317 1573 ex
335 1512 490 1590 proposito
511 1510 736 1590 deglutiantur?
757 1514 896 1574 Sentiunt
918 1527 978 1573 non
1001 1514 1082 1575 iran-

75 1612 136 1673 gcre
151 1596 299 1675 jejunium
313 1596 419 1657 Gonia.
434 1604 462 1655 et
474 1598 567 1657 Hear.
582 1596 665 1675 apud
679 1597 768 1657 Crot'c
783 1616 816 1659 n.
837 1598 905 1658 tot.
919 1595 1007 1659 modb
1020 1600 1080 1659 sint

76 1682 206 1743 immixto
220 1684 321 1743 salivae
333 1702 342 1740 ε
356 1690 387 1742 et
403 1681 483 1741 idem
506 1682 617 1741 sentire
632 1682 772 1741 videntur
782 1683 864 1762 Lupo
877 1698 962 1742 uum.
982 1682 1032 1742 55.
1051 1690 1081 1742 et

77 1765 171 1828 Tonab.
187 1787 220 1827 n.
237 1770 287 1828 ut.
304 1764 381 1827 dt'rm
409 1765 531 1841 dicunt,
556 1764 637 1843 qubd
658 1764 727 1826 cum
749 1766 868 1825 nonsit
897 1764 1007 1844 potatio
1027 1767 1079 1827 de·

73 1850 175 1923 glutire
197 1851 342 1927 salivam,
356 1850 425 1913 ideb
445 1867 500 1909 nec
521 1850 611 1909 violat
633 1848 783 1926 jejunium
802 1848 854 1908 bas
874 1850 1002 1927 guttulas
1025 1866 1079 1930 per

75 1932 188 1996 modum
209 1937 310 1998 salivae
339 1932 512 2013 trajiciens3
536 1933 589 1994 sed
620 1934 744 1996 omnini)
780 1934 987 1996 affirmandum
1010 1953 1078 1998 cum

19 2088 20 2095 ἵ
75 2023 208 2082 sentmtia
225 2021 400 2089 communi,
417 2037 507 2096 quam
524 2019 789 2097 sequuntur-tuor.
807 2026 873 2081 sect.
889 2023 958 2082 bv.
970 2019 1075 2084 Tertio.

77 2098 184 2164 idolam.
199 2105 285 2167 num.
297 2106 350 2167 75.
375 2102 461 2166 Cant.
480 2107 589 2165 roura.
607 2121 672 2184 cap.
689 2106 718 2164 u.
732 2113 791 2164 ort.
811 2107 841 2166 2.
857 2112 921 2166 tect.
937 2108 968 2166 1.
985 2101 1076 2167 tunel.

68 2187 102 2270 Υ7.
120 2204 148 2248 a.
168 2191 267 2266 Qucr.
282 2192 313 2250 l.
327 2207 395 2250 com
413 2185 494 2266 Syia.
516 2195 546 2248 et
567 2187 663 2250 satm.
678 2187 820 2251 deducit.
843 2209 868 2250 c.
890 2190 920 2248 7.
937 2207 969 2268 p.
993 2193 1024 2251 1.
1042 2210 1076 2252 c.

77 2272 121 2330 tt.
133 2290 195 2334 atat
213 2272 284 2336 Pol.
295 2280 349 2335 cto.
373 2273 578 2333 communiter.
593 2275 631 2332 Et
644 2270 719 2333 hano
732 2273 816 2332 docet
827 2273 906 2333 idem
918 2274 962 2331 D.
975 2272 1076 2336 Tbom.

78 2351 205 2433 daubi,
226 2368 385 2438 postquam
407 2357 501 2429 dixit,
523 2358 665 2436 reliquias
694 2358 752 2418 cibi
768 2375 832 2418 non
848 2358 983 2436 frangere
999 2357 1078 2436 jeju·

78 2441 152 2502 nium
164 2487 173 2516 ,
186 2446 213 2504 si
235 2443 393 2505 casualiter
403 2443 674 2520 transglutiantur‚
696 2441 769 2501 dicit
790 2439 919 2502 eamdem
934 2441 1078 2505 rationem

19 2584 20 2609 ἶ
79 2541 130 2587 ttae
142 2526 175 2590 de
191 2527 329 2610 reliquiis
351 2543 457 2607 oque,
479 2526 588 2606 quibua
612 2543 646 2588 oe
671 2524 825 2599 abluitur,
847 2534 882 2586 ut
905 2545 973 2586 mox
990 2523 1077 2604 suprl

79 2612 190 2675 relatum
206 2623 261 2676 est.
284 2615 487 2678 confirmatur
502 2631 539 2673 ex
556 2612 685 2672 Rubrica
709 2610 730 2671 1.
747 2631 772 2672 c.
790 2612 841 2671 ubi
863 2611 905 2670 sie
928 2608 1075 2670 habetur:

79 2695 313 2762 inmutandum
332 2698 456 2778 (scilicet
474 2715 536 2758 non
554 2698 650 2773 mangi
669 2695 841 2772 jejunium),
854 2693 882 2754 ai
900 2691 1027 2756 levando
1044 2713 1078 2760 ot

79 2778 335 2860 deglutieturetillo
345 2800 450 2866 aqoae,
468 2789 577 2864 praeter
591 2780 795 2842 intentionem.
816 2779 913 2860 Ergo,
934 2780 959 2842 si
979 2797 1015 2841 ex
1030 2783 1078 2844 iu·

80 2867 215 2942 tentione,
227 2871 389 2948 frangitur.

111 2958 185 3020 ldem
200 2961 379 3035 dicendum,
398 2961 423 3021 si
440 2961 508 3040 quis
518 2967 608 3022 noctu
621 2959 759 3022 immittit
772 2957 941 3021 saccharum
953 2961 986 3020 in
1002 2978 1075 3037 ore,

80 3048 175 3120 etpost
188 3048 318 3107 mediam
330 3057 446 3107 noctem
460 3046 572 3124 aliquid
581 3047 711 3122 trajicit,
726 3053 760 3105 ut
772 3046 880 3107 docent
889 3047 965 3124 Lug.
979 3064 1012 3104 n.
1026 3047 1075 3107 57.

80 3125 213 3193 Potae
225 3129 297 3193 Fttt.
306 3150 341 3192 n.
353 3133 424 3193 156.
437 3129 533 3192 Soloe.
543 3129 679 3192 deducit.
692 3150 718 3191 o.
730 3133 793 3212 7.p.
807 3134 835 3191 1.
844 3149 876 3191 o.
888 3131 937 3190 68.
945 3137 973 3190 et
982 3129 1077 3190 chza'

80 3213 98 3267 1.
115 3213 141 3272 1.
163 3213 184 3275 l.
207 3219 238 3278 5.
257 3223 345 3277 tract.
364 3217 395 3276 1.
416 3235 441 3277 e.
466 3218 497 3276 1.
514 3234 545 3298 q.
569 3216 599 3276 7.
618 3233 685 3276 cum
710 3214 849 3277 Cottiocb.
884 3217 974 3292 Vasq.
995 3215 1075 3274 Bon.

78 3294 137 3377 Rtp.
149 3309 199 3362 etc.
211 3305 424 3375 communiter,
439 3300 582 3381 quidquid
595 3301 693 3361 dicant
715 3302 826 3378 aliqui,
843 3295 927 3378 opud
938 3294 1033 3357 Diuo.
1040 3317 1074 3379 p.

79 3379 103 3437 7.
116 3389 152 3444 tr:
162 3387 209 3446 11.
223 3406 252 3447 r.
266 3389 316 3448 at.
332 3387 439 3459 Ratio,
459 3387 529 3464 quia
548 3405 610 3447 non
622 3392 666 3446 est
683 3386 732 3444 ilia
750 3383 875 3460 reliquia
891 3381 1076 3446 comestionis

77 3470 256 3539 precedentis
269 3471 351 3544 diei,
367 3471 419 3532 sed
437 3481 480 3531 est
492 3473 661 3531 continuata
673 3468 823 3528 comestio.

108 3551 153 3612 Sic
166 3556 255 3616 etiam
269 3556 380 3634 iraugb
390 3554 538 3633 jejunium
548 3555 601 3633 qui
615 3553 707 3614 sumit
722 3567 828 3630 aquam
838 3595 847 3623 ,
858 3549 926 3612 licet
940 3549 1076 3613 involun-

76 3633 158 3713 tarie,
170 3640 218 3700 vel
233 3641 303 3718 quia
312 3640 426 3702 labitur
439 3641 471 3701 in
483 3639 596 3701 flumen
609 3681 618 3712 ,
631 3637 679 3699 vel
689 3637 758 3715 quia
771 3636 845 3710 alius
857 3653 911 3716 per
922 3635 984 3696 vim
993 3636 1075 3694 illam
