2450 3975
114 142 186 206 tto·
210 130 215 138 ’
339 138 405 204 lib.
418 138 448 199 6.
468 138 567 199 mcc.
580 135 611 197 5.
625 133 671 199 Dc
683 132 886 197 Eucbcrislin.

111 261 203 317 11661,
222 248 370 323 inaquam
389 238 527 322 pluribus
552 236 722 299 nominebus
748 234 964 317 periculosam,
986 186 1126 318 fideliores
1220 282 1221 321 3

107 325 257 390 madalis
275 324 436 389 obnoxiam
451 325 596 405 ,616666
611 329 724 384 cetuna
745 318 883 383 bornato
900 340 978 385 more
993 324 1125 387 niarium
1220 366 1221 405 i

106 412 304 474 oberramus.
319 412 358 472 At
373 406 556 491 probebilids
573 409 619 485 (ut
637 404 718 468 reete
740 405 783 465 ait
799 405 888 467 Croin
902 427 934 469 a.
955 407 1037 487 222.)
1055 411 1124 471 talis

94 496 264 576 „applicatio
292 514 353 557 nou
370 492 467 556 soldm
484 493 543 553 erit
565 492 689 562 illicita,
711 489 763 551 sed
785 508 862 569 saepe
881 492 1030 566 invalida,
1050 496 1122 573 quia

104 597 181 658 stepe
196 581 310 641 accidet
331 578 411 659 qubd
431 578 520 639 missa
534 585 608 637 tunc
625 576 742 636 dicatur
755 592 810 653 pro
822 592 929 647 eausa,
946 596 1012 653 quae
1024 578 1123 641 odhue

104 681 166 725 non
185 665 304 735 existit,
327 662 399 742 putd
416 662 441 722 si
464 660 648 739 stipendium
667 658 795 719 offerens
815 660 978 737 postulabit
999 662 1122 727 missam
1220 708 1221 745 3

105 766 161 828 pro
183 748 358 811 liberatione
374 746 391 807 i
405 763 539 817 carcere,
561 746 600 805 ab
616 743 814 818 infirmitate,
835 753 907 817 eta,
927 764 992 825 qun
1011 766 1120 819 musa,

104 830 173 893 edm
205 851 287 894 nunc
312 831 491 903 ennadab,
518 830 638 890 ellectus
672 829 768 889 missa
793 837 950 908 suspensus
967 832 1123 892 remanere
1220 896 1221 903 χ

105 916 248 988 deberet,
272 915 353 993 quod
373 931 433 975 non
453 916 574 976 ridetur
587 913 738 975 credibile.
765 912 843 974 Bene
866 923 965 974 tamen
990 916 1120 976 advertit
1220 914 1221 985 3

106 1001 193 1060 Cant.
215 1004 326 1062 Tauro.
338 997 489 1080 66666111.
506 1018 573 1080 cop.
590 1001 620 1059 9.
635 1005 694 1057 ort.
715 1000 745 1058 2.
758 1004 824 1059 sect.
840 1000 870 1059 1.
885 1018 914 1060 o.
933 1002 1033 1075 Quor.
1041 1002 1071 1061 8.
1085 1002 1122 1062 Si

105 1090 204 1144 tomen
212 1129 222 1161 ,
236 1102 304 1146 cuns
328 1085 419 1164 Vosq.
434 1086 565 1162 Averso,
580 1091 609 1144 et
626 1081 752 1158 Quarti,
768 1082 849 1159 qubd
863 1085 887 1143 si
898 1085 1031 1146 sacerdos
1044 1104 1121 1164 prac-
1220 1140 1221 1167 ,

102 1168 204 1232 videet
213 1215 223 1247 ,
237 1170 318 1250 qudd
329 1171 561 1248 postulabuntur
576 1170 672 1229 missae
683 1186 737 1246 pro
752 1168 851 1246 aliquo
865 1169 1003 1229 defuncto
1018 1214 1026 1242 ,
1044 1170 1120 1233 bend

102 1261 200 1332 potest
227 1272 275 1316 ees
301 1274 383 1316 nunc
408 1256 539 1327 olierre,
564 1263 595 1315 et
613 1253 720 1313 deinde
737 1253 918 1331 stipendium
947 1256 1119 1335 percipere,
1220 1256 1221 1329 g

103 1339 247 1419 quiahoc
266 1360 334 1403 casu
350 1341 413 1419 jam
426 1342 589 1402 offerentur
600 1358 656 1415 pro
673 1357 800 1417 persona
819 1340 1026 1401 determinata.

141 1426 210 1485 558.
231 1456 270 1469 -
294 1450 309 1479 a
330 1427 359 1485 7.
377 1428 444 1487 Non
465 1443 568 1487 omnes
589 1424 754 1485 sacerdotes
773 1431 912 1484 tenentur
938 1423 986 1484 die
1005 1424 1120 1485 anima·
1220 1422 1221 1503 ζ

102 1533 117 1563 ι
140 1526 209 1570 rum
229 1510 378 1588 applicare
399 1511 517 1571 missam
532 1528 593 1588 pro·
605 1510 744 1571 omnibus
759 1510 915 1571 defunctis.
933 1508 1035 1571 Tomb.
1052 1506 1074 1569 1.
1087 1510 1117 1570 5.
1220 1504 1221 1575 J

104 1620 118 1650 ι
142 1612 211 1676 cop.
226 1612 303 1657 ocor.
320 1615 347 1657 c.
363 1598 392 1657 5.
407 1594 435 1676 S.
455 1599 486 1658 2.
500 1604 604 1656 contro
619 1594 744 1675 proriae
755 1639 763 1665 ,
774 1603 802 1655 ct
813 1596 888 1656 (loo.
902 1613 935 1675 p.
950 1598 979 1655 1.
999 1602 1021 1655 t.
1037 1594 1113 1655 15.»
1220 1596 1221 1669 ζ

106 1679 164 1757 (Dc
178 1678 231 1742 boc
254 1680 338 1744 adest
356 1685 516 1744 Decretum·
532 1683 563 1741 S.
580 1682 613 1741 C.
635 1677 718 1759 opud
737 1678 850 1739 ueraci
871 1678 1027 1740 indicina.
1046 1682 1121 1741 til.
1220 1736 1221 1757 2

100 1762 213 1825 editum
225 1765 273 1827 dic
287 1768 318 1828 l.
340 1767 417 1849 ray.
429 1768 516 1828 1665.
531 1764 585 1827 nbi
599 1763 710 1826 dutum
722 1759 803 1842 suit.-
816 1766 850 1823 lu
868 1763 917 1823 die
931 1766 1120 1825 Commemo-
1220 1764 1221 1769 ’

100 1849 225 1910 rationis
242 1852 377 1911 omnium
404 1852 538 1912 fidelium
561 1850 769 1910 defunctorum
790 1848 931 1908 sacrificia
955 1847 1120 1924 possuntb
1220 1906 1221 1909 ,

100 1932 300 1994 sacerdotibus
318 1934 536 1996 celebrantibus
548 1933 690 2014 applicari
705 1932 741 1993 ad
759 1933 900 2006 libitum,
918 1932 981 1994 scil.
994 1933 1042 1994 vel
1062 1950 1122 2011 pro

100 2016 240 2088 omnibus
259 2017 553 2079 fidelibusdelonctis
565 2063 574 2090 ‚
587 2021 635 2078 vel
654 2035 709 2096 pro
734 2017 882 2096 aliquibus
902 2017 1030 2080 tantiam.
1054 2022 1122 2080 Hoc

100 2100 223 2162 Decreta
237 2101 352 2182 posito,
366 2102 437 2164 beni
456 2103 503 2162 ait
522 2104 605 2163 Coa&
625 2106 737 2162 Toum.
760 2099 813 2164 loc.
830 2101 880 2164 cit.
902 2121 930 2162 o.
947 2104 1046 2178 Quoer.
1066 2105 1118 2164 11.

100 2183 180 2247 nibil
190 2187 285 2250 obenc
296 2232 305 2262 ‚
315 2189 390 2271 qnia
398 2207 456 2270 pro
470 2187 579 2250 talibus
590 2185 691 2250 missia
699 2186 796 2268 accipi
807 2187 901 2270 possit
912 2185 1125 2267 stipendium),

139 2273 208 2332 559.
228 2305 270 2320 -
284 2299 298 2328 s
318 2275 348 2335 8.
366 2277 453 2335 Missa
471 2273 617 2335 celebrata
635 2273 667 2333 in
682 2273 768 2332 altari
788 2273 974 2350 privilegiato
993 2289 1050 2345 pro
1063 2273 1118 2332 de·

38 2433 41 2438 ,
100 2378 115 2409 a
138 2356 247 2420 innotis
273 2376 335 2420 non
356 2360 534 2440 suffragatur
547 2359 625 2436 illis,
642 2375 697 2418 neo
720 2357 823 2418 satisfit
837 2356 973 2428 indulto,
995 2357 1054 2417 nisi
1076 2358 1117 2420 sit

101 2464 115 2496 ι
138 2441 176 2502 dc
188 2444 334 2522 requiem·
352 2443 447 2504 Dion.
459 2463 494 2525 p.
510 2445 541 2504 1.
563 2450 585 2505 t.
598 2445 630 2505 l.
646 2459 673 2503 r.
687 2443 757 2504 255.
777 2459 814 2503 cc
826 2439 967 2504 declarat.
984 2439 1073 2505 Cerd.
1086 2449 1118 2504 et

101 2530 396 2608 aptata&
492 2575 498 2583 ·

140 2614 201 2672 Hoc
220 2615 411 2694 privilegium
426 2615 526 2678 siuns
540 2615 573 2678 in
598 2611 656 2676 boo
673 2613 829 2686 consistit,
847 2618 882 2672 ut
903 2629 939 2673 ex
956 2610 1117 2690 indulgen-

100 2696 168 2765 tiis,
183 2697 246 2754 sive
263 2699 429 2778 fructibus,
444 2701 497 2779 qni
515 2709 585 2762 sunt
596 2700 628 2760 in
641 2698 780 2761 thesauro
799 2696 932 2757 Ecclesiae
945 2739 953 2766 ‚
966 2695 1116 2756 liberetur

99 2778 304 2857 bpurgatorio
329 2785 426 2843 anima
444 2802 499 2863 pro
513 2803 571 2863 qua
592 2785 681 2845 missa
701 2784 733 2844 in
750 2782 802 2842 illo
824 2781 910 2840 altari
930 2779 1116 2859 applicatur;

99 2871 129 2923 et
144 2859 200 2920 hoc
223 2862 252 2920 vi
274 2868 426 2940 potestatis
453 2868 602 2938 clavium,
625 2885 715 2946 quarn
735 2865 825 2928 habet
845 2868 922 2943 Papa
946 2865 1114 2942 applicandi

99 2945 318 3024 indulgentias,
346 2949 422 3008 vivis
440 2951 561 3026 quidem
590 2969 645 3030 per
674 2949 798 3012 modum
823 2949 1038 3023 absolutionis,
1060 2948 1116 3010 de·

98 3033 207 3093 iunctis
222 3027 293 3091 verb
307 3049 361 3110 per
380 3032 503 3094 modum
528 3035 660 3114 suffragii
679 3037 740 3096 sive
758 3035 924 3099 solutionis.

135 3119 254 3190 Quaeres
268 3117 297 3175 1.
312 3119 358 3177 bn
371 3118 410 3178 ad
435 3118 606 3179 lucrandam
626 3120 842 3198 indulgentiam
866 3119 965 3180 altaris
990 3119 1115 3197 privile·

98 3201 168 3278 giuti
188 3218 305 3279 semper
327 3204 515 3282 requiratur,
541 3212 576 3263 ut
597 3204 763 3265 celebretur
792 3205 878 3264 missa
896 3201 931 3264 de
953 3202 1115 3282 requiem?

102 3285 187 3356 Resp.
209 3286 361 3362 negativd3
380 3307 450 3349 nam
465 3287 535 3349 licit
557 3289 630 3349 olim
655 3307 733 3348 enno
758 3291 844 3350 1601.
859 3287 908 3347 (116
925 3290 953 3348 1.
968 3287 1050 3348 Junii
1064 3308 1115 3348 re·

98 3365 262 3432 ⁵P⁰¹¹disset
274 3371 304 3428 S.
316 3373 349 3430 C.
360 3372 553 3445 affirmativi,
566 3380 601 3432 ut
614 3374 673 3433 sert
684 3373 779 3434 Dion.
790 3392 823 3454 p.
839 3375 869 3432 l.
884 3381 922 3432 tr.
941 3375 971 3432 1.
983 3389 1010 3433 r.
1024 3375 1112 3452 235,

98 3445 227 3530 nttstnen
243 3445 411 3514 Alexander
426 3458 497 3516 VII.
512 3457 561 3518 die
577 3459 617 3518 22
635 3458 755 3518 lentior.
768 3477 817 3518 nn.
838 3459 924 3518 1667.
938 3456 971 3516 in
991 3457 1113 3522 decreto

99 3516 258 3588 mesprente
286 3531 408 3595 credito
432 3537 538 3612 nobis,
558 3540 719 3602 declaravit
751 3540 831 3620 qudd
854 3543 886 3600 iu
917 3541 953 3601 iis
979 3541 1109 3619 diebuS,
