2450 3975
237 221 308 303 Cap.
326 222 355 281 1.
371 220 551 285 Deccaoatia
568 219 776 286 Eucharistiae.
791 222 871 287 Duo.
886 225 917 284 t.
1035 226 1075 287 5⁷

453 394 600 455 cantuar
620 395 686 455 vlt.

150 552 329 650 Quamdiu
346 550 512 630 Christus
528 559 672 629 mancat
687 554 727 629 iu
743 551 994 632 Eucharistiat

71 736 120 788 616
135 737 211 806 tetra
231 741 371 805 wantum
387 741 493 806 ternpus
512 738 613 805 spectu
627 738 877 794 concamaratur?

75 810 120 863 116
137 810 251 875 maudo
267 812 423 879 recipiatur
440 810 559 878 pratia?

75 883 118 934 111
135 884 203 949 Quid
222 884 249 937 ci
267 885 399 939 amardus
416 898 444 937 re
462 884 620 951 disponerat
637 885 712 938 inter
729 886 936 954 sumptionem?

73 944 118 1007 aa
132 961 173 1010 Aa
186 958 341 1025 recipiatur
359 958 426 1027 ptur
444 957 544 1025 qratia
561 958 586 1013 ci
602 964 732 1014 cantatur
753 965 874 1027 utraque
893 960 1012 1029 specics,
1032 962 1076 1017 act

162 1031 253 1101 major
268 1032 412 1086 materia?

74 1100 117 1157 116
133 1105 202 1171 Quid
221 1106 360 1231 ri'uiagm
382 1112 572 1161 consecratum
589 1108 622 1161 ia
637 1107 718 1163 atiud
736 1109 850 1173 cinam,
867 1114 918 1163 aut
938 1107 1075 1179 liquorem

159 1178 306 1246 injiciatur

108 1356 172 1417 aaa.
182 1388 222 1403 -
238 1380 252 1409 a
268 1294 384 1421 Rasa.
407 1358 437 1417 1.
455 1357 553 1417 Manet
569 1356 626 1416 sub
641 1354 792 1434 speciebus
805 1356 894 1416 ctiam
909 1356 1027 1429 divisis,
1044 1366 1075 1419 et

72 1466 85 1498 ι
106 1442 158 1503 sub
180 1442 285 1520 quavis
296 1440 411 1501 'earum
431 1440 555 1502 minima
576 1449 684 1521 parte,
700 1441 794 1501 donec
811 1449 891 1501 tanta
906 1459 1007 1501 carum
1024 1442 1076 1503 stat

70 1551 84 1580 a
105 1526 245 1598 mutatio,
260 1534 294 1586 ut
304 1534 441 1586 consueta
454 1524 616 1587 substantia
625 1527 725 1605 panis,
737 1535 768 1588 ct
780 1526 843 1586 vini
855 1538 1073 1606 corrumpatur.

70 1635 83 1664 a
106 1612 147 1672 Ita
163 1630 268 1673 comm.
286 1628 355 1671 cum
368 1611 400 1671 S.
420 1607 523 1671 Titum.
537 1612 573 1671 Et
587 1621 632 1671 cst
649 1620 774 1672 eertum.

104 1701 220 1758 Cortum
235 1706 281 1758 cst
297 1697 377 1777 apud
399 1714 519 1770 omncs,
536 1698 641 1758 saltam
661 1699 741 1759 inter
761 1700 890 1777 spatium
903 1698 986 1758 horre
1009 1718 1076 1777 spe-

71 1783 123 1843 cics
140 1784 171 1843 in
194 1784 334 1843 omnibus
356 1782 520 1843 immutari.
545 1780 625 1843 Beni
646 1791 745 1843 tamen
766 1784 895 1843 advertit
920 1782 1022 1846 Taarb.
1040 1784 1076 1846 dc

73 1870 219 1929 Communi.
234 1886 258 1927 c.
281 1868 311 1927 5.
332 1864 359 1946 S.
375 1868 404 1927 lc.
419 1864 499 1945 qudd
515 1864 601 1942 juxta
624 1868 796 1945 qualitatem
817 1867 959 1930 stomachi
982 1870 1075 1949 magis

69 1953 110 2014 ecl
128 1950 227 2014 minias
250 1950 353 2026 calidi,
368 1959 419 2011 aut
440 1950 555 2026 validi,
578 1954 688 2032 speciae
707 1962 960 2016 consummentur.
983 1956 1076 2017 cace-

70 2035 153 2110 rdm‚
170 2039 350 2118 generaliter
362 2037 510 2117 loquendo
524 2081 532 2107 ‚
546 2038 638 2100 rcicrt
654 2040 737 2121 lupa
753 2039 785 2101 d.
801 2043 846 2101 10.
859 2060 892 2102 a.
907 2043 956 2102 51.
974 2043 1075 2121 plures

14 2191 15 2200 χ
70 2123 191 2185 modicos
209 2121 226 2184 d
244 2141 277 2184 se
300 2125 402 2185 Romae
418 2124 565 2184 consultos
583 2133 700 2203 putasse
715 2125 747 2184 in
770 2125 850 2186 laicis
869 2129 978 2206 spccics
997 2129 1075 2188 iutra

70 2211 213 2273 minutum
232 2209 402 2290 corrumpi,
415 2217 445 2270 ct
463 2209 495 2268 in
515 2213 668 2270 sacerdota
690 2211 769 2270 iutra
785 2210 917 2270 medium
928 2213 1076 2289 quadran·

70 2304 123 2356 tcm
139 2317 148 2356 r
167 2295 247 2374 quod
267 2305 429 2373 utrumque
443 2293 589 2374 approbat
608 2291 724 2355 Bcrnal
749 2294 831 2376 apud
848 2298 938 2356 Croia
953 2293 976 2354 l.
994 2299 1024 2356 6.
1040 2318 1074 2380 p.

71 2381 96 2440 1.
108 2400 139 2443 a.
153 2383 223 2442 tta.
239 2379 304 2442 {md
314 2382 443 2460 Arriaca
455 2377 528 2440 ibid.
543 2389 642 2440 censet
654 2381 686 2439 in
699 2381 774 2440 laico
788 2382 986 2465 consummari
996 2383 1075 2445 intra

71 2465 96 2524 5.
107 2467 189 2529 Pater
203 2475 233 2527 ct
245 2468 327 2540 Ave,
342 2474 372 2526 et
385 2467 416 2525 iu
428 2463 578 2526 sacerdote
593 2471 750 2543 postquam
759 2466 888 2525 vestibus
899 2477 943 2525 ast
958 2477 1073 2528 cnutus.

71 2550 172 2612 Saltem
188 2561 254 2634 past
271 2550 465 2630 quadrantem
485 2549 501 2610 ir
521 2551 751 2618 communione,
765 2550 855 2611 ctiam
869 2550 1074 2623 inmaculata,

70 2643 143 2700 tanet
159 2646 192 2697 ut
213 2646 328 2696 certum
345 2638 443 2715 Lapa,
462 2644 492 2695 ct
515 2634 662 2693 consentit
677 2631 767 2693 Graia
784 2631 882 2709 quoad
897 2650 998 2707 sanos,
1010 2652 1076 2714 spc-

70 2719 120 2780 eics
135 2721 347 2782 consummari.
909 2715 913 2721 ’

102 2807 170 2868 116.
186 2838 226 2852 -
251 2808 311 2866 at.
334 2805 433 2866 Gratia
452 2805 541 2866 datur
564 2805 596 2864 in
618 2802 714 2883 prima
737 2801 962 2865 manducatione
986 2805 1076 2869 etiam

69 2913 81 2944 n
102 2893 205 2970 primae
226 2892 336 2970 partis,
356 2887 425 2950 cium
454 2891 494 2951 sit
519 2899 617 2950 totum
638 2896 865 2949 sacramentum.
892 2889 1076 2952 Manducatic

68 2997 81 3028 n
102 2986 201 3038 autem
214 2975 326 3050 dicitur
339 2973 473 3051 trajectio
491 2994 527 3036 cx
549 2993 601 3044 cra
613 2971 717 3035 ucrsds
733 2971 934 3047 stomachum,
946 2977 1002 3036 atsi
1025 2975 1075 3036 alii

69 3083 81 3113 a
100 3063 199 3123 dicant
216 3061 343 3140 gratiam
356 3059 421 3121 tium
435 3059 568 3141 primiuu
583 3061 667 3132 dari,
688 3058 757 3120 adm
779 3077 847 3138 pars
861 3061 959 3138 aliqua
977 3071 1022 3120 cat
1044 3063 1076 3123 iu

68 3169 80 3198 a
101 3146 285 3210 stomachum
297 3153 427 3225 recepta.
440 3145 534 3206 Diua.
557 3165 588 3226 p.
608 3147 638 3206 ὅ.
652 3153 674 3205 t.
688 3147 718 3206 7.
729 3163 771 3206 m.
782 3164 809 3205 r.
823 3148 873 3207 96.
891 3164 928 3207 ca
948 3146 1073 3226 [icaria.

69 3253 81 3284 a
101 3231 180 3314 Syia.
191 3240 220 3292 ct
232 3229 372 3311 Fapuad.
388 3232 463 3292 Item
482 3229 571 3292 Carti.
582 3229 618 3292 da
630 3233 712 3312 Lupo
725 3228 755 3292 d.
770 3232 818 3290 11.
829 3249 856 3292 a.
869 3234 899 3292 1.

14 3327 15 3360 ³
107 3342 119 3370 a
137 3320 168 3379 1.
186 3318 303 3396 Species
315 3334 376 3376 nan
387 3325 455 3376 sunt
467 3316 631 3376 retinendae
648 3317 679 3376 in
698 3333 750 3376 cra
763 3314 896 3386 tamdiu,
915 3315 1008 3377 donec
1023 3336 1075 3395 pc-

68 3422 82 3452 »
102 3400 180 3463 nitius
198 3409 342 3481 percant:
358 3401 427 3478 quia
446 3410 516 3462 tuna
536 3420 596 3464 nan
609 3399 837 3461 manducaretur
855 3399 986 3460 Christus
1000 3446 1009 3472 ‚
1021 3420 1075 3463 nce

69 3487 193 3564 agretia
220 3486 395 3548 sacramenti
414 3487 616 3561 consecratum
639 3481 684 3546 uti
706 3502 760 3544 noc
781 3485 806 3545 si
825 3485 985 3559 moriaris,
1001 3487 1074 3546 dum

71 3591 82 3620 ι
102 3567 195 3632 hostia
208 3571 305 3632 adhuc
315 3582 359 3631 est
375 3571 406 3631 in
421 3589 481 3631 cra.
500 3571 604 3631 Diana
615 3567 636 3630 1.
651 3589 676 3629 c.
690 3576 791 3630 contra
806 3572 873 3631 Boc.
887 3589 912 3631 c.
935 3573 985 3634 11.
1003 3569 1075 3634 tuto

70 3675 82 3704 a
103 3657 179 3717 Bon.
195 3655 271 3716 aa.
285 3675 316 3738 q.
330 3658 400 3738 ap.
416 3658 445 3718 1.
460 3675 492 3716 a.
508 3657 538 3717 1.

106 3741 187 3803 rom.
205 3743 257 3805 Vt.
899 3739 919 3794 tt
