2450 3975
217 210 290 288 Cap.
305 208 333 267 i.
348 208 394 267 De
405 202 618 283 satisfactione.
632 204 712 267 Dal.
726 209 756 267 d.
770 208 835 268 Art.
852 212 881 268 t.
992 211 1050 271 409

10 309 171 387 :jusdem
194 306 334 382 articuli3
352 303 508 366 stalariis
527 324 563 365 ex
577 304 683 381 andl.
711 310 740 367 5.
759 327 789 367 a.
815 306 863 369 28.
880 303 935 369 ubi
952 309 1046 369 dicit:

10 396 165 461 Videtur
182 399 282 453 artent
305 390 380 452 satis
401 388 592 466 conveniens,
614 388 694 469 qaod
720 392 852 454 sacerdos
870 412 931 455 non
952 400 1050 455 oneret

10 480 224 567 poenitentem
240 476 327 557 praei
336 493 422 535 onere
431 473 665 553 satisfactionis,
680 477 753 555 qnia
764 477 958 558 siontparaas
971 476 1050 559 ionis

10 571 33 629 oi
62 561 184 625 maltis
199 560 289 642 lionis
306 558 467 641 suppositis
490 558 526 619 de
545 557 634 638 facili
655 560 864 641 eotc'npaitar,
884 562 928 622 ita
954 569 1051 641 posset

10 650 228 731 continente,
253 644 333 724 qnod
357 662 468 725 parans
493 644 617 724 affectas
635 646 820 707 contritionis
841 646 876 706 in
896 646 1050 727 poenitente

12 754 129 817 nccper
147 732 295 794 excitatas
305 776 314 806 ,
335 738 457 810 propter
466 746 556 810 praee
576 747 653 790 onas
671 729 884 809 satisfactionis
900 732 1050 810 extrapro-

13 830 131 896 retur,
143 825 294 899 peccatore
315 811 445 874 totaliter
464 814 634 895 desperante
640 837 653 892 ‚·
674 814 752 877 ande
769 814 874 877 melias
893 824 951 891 est,
971 812 1051 897 qaod

15 903 172 968 sacerdos
187 898 342 982 poenitenti
358 896 491 968 indicet,
513 906 628 979 quanta
647 899 821 979 penitentia
836 910 908 961 esset
924 898 983 960 sibi
996 918 1050 979 pro

15 986 163 1075 peccatis
191 982 375 1066 injanpenda
387 1028 398 1058 ‚
421 991 452 1043 et
475 981 620 1065 injnnpat
640 983 698 1045 sili
722 983 917 1047 nihiloeninics
933 981 1052 1065 alc'qnid

16 1072 110 1154 qaod
122 1072 272 1153 poenitens
287 1062 477 1131 tolerabiliter
493 1068 598 1147 ferrat.-
616 1085 652 1127 eoo
668 1068 753 1149 cujas
767 1065 933 1150 impletione
949 1087 1049 1130 assae-

15 1160 103 1240 fiat,
122 1164 162 1216 nt
183 1153 300 1236 majora
318 1150 461 1233 impleat,
479 1168 547 1231 qaoe
561 1152 652 1212 etiarn
672 1152 804 1214 sacerdos
820 1153 973 1236 injnopere
987 1172 1049 1215 non

19 1246 218 1303 «attentasset.
244 1240 288 1297 Et
314 1235 376 1297 tac
402 1253 470 1316 qna
498 1244 607 1316 prater
637 1235 851 1317 injunctionem
881 1256 1048 1316 eopressoac

21 1326 127 1409 facit,
155 1324 306 1405 accipimt
320 1321 463 1401 majorem
483 1321 544 1382 vim
565 1322 746 1403 expiationis
762 1320 856 1402 calpae
871 1323 1045 1405 preterita,

21 1433 66 1473 ooo
81 1408 142 1471 illa
156 1403 289 1491 yeneroli
298 1404 480 1486 injunctione
488 1410 550 1486 qna
560 1406 695 1469 sacerdos
708 1406 779 1469 dicit
794 1406 968 1489 .·‚Qatdqatd
981 1408 1049 1470 bocci

24 1493 140 1576 feceris
160 1492 202 1554 sit
219 1490 274 1552 tibi
291 1492 325 1551 in
345 1490 545 1552 remissionem
562 1500 759 1572 peccatoram.
775 1494 812 1552 Et
830 1494 909 1553 idem
930 1493 1048 1572 Angeli-

24 1600 84 1642 ous
100 1582 211 1658 Opaca.
226 1578 275 1637 65.
289 1574 316 1655 S.
335 1578 365 1636 t.
378 1583 533 1653 postquam
548 1576 625 1637 dixit
641 1597 650 1635 ε
666 1576 805 1639 Sacerdos
831 1596 891 1640 non
914 1577 1049 1657 imponat

25 1661 241 1749 poenitentiam
264 1660 309 1719 ita
331 1676 468 1740 pravare,
484 1668 520 1720 at
539 1660 685 1741 poenitens
701 1669 792 1723 aron
806 1659 974 1724 dimittat...
997 1680 1049 1722 neo

26 1753 79 1811 ita
100 1744 213 1822 leoena,
243 1752 278 1804 nt
297 1751 465 1804 aorctecnnot
482 1752 646 1824 peccatam.
667 1746 782 1806 Deinde
799 1746 908 1805 addit:
938 1748 1048 1806 Tamen

30 1834 134 1896 toctirts
154 1828 359 1909 estimpoaere
374 1830 518 1889 ncinorem
540 1828 655 1902 debito,
675 1832 766 1911 qndrn
788 1829 950 1910 mojorem,
974 1829 1048 1909 qaia

29 1914 328 1980 rnelidseacasamar
340 1911 422 1992 opnd
433 1914 528 1972 Deam
539 1912 793 1996 propternrnltom
805 1912 1045 1987 misericordiane,

32 2003 129 2086 qsccinc
144 1997 338 2080 pernimiam
354 1998 556 2071 severitates,
570 1998 644 2080 qaia
661 1997 731 2062 talis
745 1996 872 2081 defectas
891 1998 925 2060 in
935 2018 1047 2083 parpa-

34 2085 116 2152 torio
135 2080 329 2164 supplebitur.

77 2170 162 2231 Idem
175 2166 278 2228 sortiris
291 2169 420 2229 insinuet
433 2169 465 2230 S.
480 2171 650 2233 Antoninus
663 2173 693 2233 5.
713 2191 744 2251 p.
760 2172 807 2233 tit.
826 2173 874 2232 to.
890 2191 915 2232 o.
930 2173 977 2232 20.
994 2174 1048 2235 snb

34 2253 149 2329 initio,
164 2253 215 2310 ubi
230 2252 271 2311 oit
283 2272 291 2309 s
303 2254 359 2312 Est
371 2260 470 2314 antem
481 2255 558 2315 sotis
576 2253 765 2316 rationabilis
775 2272 866 2314 consa
883 2273 943 2315 non
955 2254 1051 2317 doridi

35 2335 210 2421 lcnjccsmodi
228 2335 417 2417 porroitentios
432 2337 619 2418 indispositio
633 2338 838 2420 poenitentiam
852 2341 962 2410 ,etiam
977 2342 1050 2418 qaia

37 2420 204 2504 aliqnando
222 2439 284 2481 non
299 2418 442 2501 sufficeret
453 2431 567 2504 tempas
581 2424 669 2500 triton
686 2441 758 2484 nam
781 2425 824 2502 fut
844 2425 947 2484 dieunt
968 2427 1049 2506 Rop-

39 2507 148 2574 acand.
158 2505 359 2585 etHostiens.)
374 2506 457 2570 delet
476 2507 625 2588 confessor
635 2509 706 2570 dare
721 2505 809 2570 tolera
826 2507 1047 2589 poenitentiam,

40 2611 136 2679 qicarn
145 2589 448 2653 credatoerisicniliter
462 2590 551 2653 illam
574 2591 716 2675 implere,
731 2611 768 2654 ne
790 2595 888 2673 ipsane
911 2589 1050 2655 violando

43 2677 170 2746 eleterius
182 2677 342 2757 continpat.
359 2675 445 2752 an'd
461 2677 612 2758 simeona
628 2686 747 2759 peccata
759 2675 918 2752 cortinisit,
934 2685 962 2736 et
980 2676 1052 2738 dicit

44 2785 75 2830 se
88 2760 241 2844 paenitere,
257 2759 308 2822 sed
319 2778 380 2822 non
386 2778 471 2841 posse
482 2760 730 2842 aliqnandararn
740 2759 943 2842 poenitentiam
955 2781 1048 2843 apere,

46 2846 235 2911 anirnetearn
250 2843 291 2906 od
310 2844 363 2906 lcoo
382 2843 544 2925 confessor,
559 2845 733 2908 ostendendo
752 2846 780 2906 ei
789 2847 967 2926 pravitatem
986 2865 1052 2926 peo-

47 2941 177 2996 rotornrn
189 2971 198 3001 ,
211 2937 239 2989 et
250 2948 305 3011 per
315 2947 490 3011 wnnqaens
498 2949 671 3012 passarani,
683 2940 712 2991 et
725 2931 766 2992 sic
780 2931 896 2992 tandm
911 2931 1052 3012 injccnpot

48 3019 77 3081 ei
97 3013 292 3096 poeaitentiam
311 3034 404 3096 qaam
420 3013 543 3078 libenter
561 3019 715 3097 sctsoipiat.
729 3019 771 3077 Et
787 3015 816 3078 si
834 3016 967 3078 sacerdos
990 3034 1050 3076 non

50 3106 143 3185 potest
157 3096 282 3178 pandis-e
297 3098 333 3160 de
355 3099 526 3163 oonaimoda
549 3100 728 3182 pnrpatione
747 3100 827 3182 ejus,
856 3097 960 3161 saltent
974 3117 1050 3181 paa-

52 3187 134 3253 deat,
149 3181 225 3262 qttocl
236 3180 394 3245 liberatam
411 3183 576 3265 dpelceano
594 3185 771 3246 transmittit
781 3185 822 3245 ad
830 3186 1048 3264 parpotorianr.

53 3277 69 3335 1
72 3280 154 3350 tanae
165 3270 207 3347 fut
218 3269 315 3347 inquit
326 3269 425 3346 Host.)
437 3267 585 3350 corcfcnsor
600 3267 684 3330 noello
699 3268 781 3332 modo
795 3269 875 3328 clebet
884 3267 1050 3348 permittere

54 3358 221 3438 peccatorem
242 3352 429 3434 desperatam
447 3353 573 3415 recedere
586 3356 606 3414 d
619 3372 666 3426 se,
680 3352 730 3416 sed
750 3351 851 3435 potiris
873 3351 1010 3433 imponat
1024 3353 1051 3412 ei

55 3455 145 3500 anans
158 3439 245 3499 Pater
261 3447 378 3515 noster,
393 3435 440 3500 ael
455 3436 541 3500 alind
559 3435 619 3498 leae
632 3483 640 3511 ,
653 3447 683 3498 et
703 3438 782 3518 qadd
800 3435 865 3498 alia
888 3437 965 3499 bona
984 3454 1050 3517 qcca

57 3519 163 3605 fecerit,
176 3531 201 3582 et
212 3520 294 3583 mola
306 3542 373 3605 aare
390 3522 574 3592 toleraverit,
595 3522 659 3583 sint
677 3522 706 3584 ei
720 3522 753 3583 in
767 3522 959 3606 penitentia,
982 3541 1050 3582 ooro·

58 3604 356 3755 corpoongITlconco.
370 3611 434 3672 Hoc
453 3617 550 3670 tonica
563 3608 636 3670 sant
649 3603 776 3690 iatdlipe
784 3653 795 3688 ‚
809 3605 955 3752 dirigat,
977 3605 1051 3687 occia

122 3707 173 3752 on.
228 3736 237 3755 .
860 3709 877 3750 o
