2450 3975
105 171 165 232 261
336 165 403 232 tto.
413 169 446 230 6.
460 169 558 230 rrae.
575 166 606 229 tt.
620 165 876 230 Dedoedort'ttt'o.

104 296 118 324 ιι
141 271 216 334 teto
227 270 338 349 duplici
353 315 362 344 ‚
375 288 407 331 v.
417 287 447 348 g.
457 269 533 330 inito
552 275 667 330 octovas
678 267 865 348 Epiphanio,
879 267 1025 330 Poschotis
1035 315 1043 342 ,
1054 279 1114 333 eto.

104 381 117 409 ι
142 356 227 416 Ferit
244 358 296 417 tv.
313 356 475 428 cinerum,
503 353 579 414 inire
597 351 812 416 hebdomadam
836 352 979 433 mojorem
991 399 1000 428 ‚
1013 356 1116 438 vigilii

104 464 118 494 ι
140 440 309 501 Nativitotie
328 438 469 508 Domini,
484 437 643 516 sinegmoi
670 455 756 498 muso
774 439 870 518 legere
892 438 1043 512 votivam,
1065 439 1117 502 vel

104 549 118 579 ιι
142 541 198 604 pro
216 523 364 586 deioootio
375 523 443 596 ,vel
461 521 499 582 do
511 522 570 582 olio
583 523 690 583 Sonoto
708 523 740 582 in
758 539 918 584 numerum
937 523 1115 588 Sanctorum

103 634 117 662 ι
140 609 247 673 relato.
260 611 350 672 ouer.
370 607 465 670 otae.
478 607 561 688 tuoe
578 603 602 667 l.
612 625 640 668 e.
659 604 764 669 Bocob.
780 615 883 668 contro
900 607 1003 682 Quint.
1020 611 1072 688 qui
1088 615 1112 671 1.

103 718 117 748 ιι
140 695 171 755 7.
181 711 208 756 o.
222 697 272 758 to.
286 702 371 771 putot
386 693 418 752 io
433 690 617 752 hebdomoda
635 699 735 754 teneto
746 691 835 752 litere
849 692 945 770 legere
956 692 1088 755 votivam
1104 737 1114 765 ,

102 801 118 834 ιι
141 778 222 858 quod
239 779 369 840 refutant
382 777 456 840 ooo.
470 775 567 836 Dion.
579 795 612 856 ρ.
625 777 654 837 9.
669 783 689 835 1.
709 778 739 838 8.
750 795 778 836 r.
790 777 884 838 55.ex
899 776 1005 839 declar.
1020 778 1112 842 cord.

145 890 160 919 ιι
180 863 249 925 Dixi
264 863 375 924 181113
396 860 485 943 oravi
496 877 590 922 coooo
606 884 618 922 .·
632 861 700 924 tolio
714 870 814 923 autem
831 869 969 924 censetur
982 864 1031 936 ,1.
1045 881 1115 942 qoae

102 974 116 1004 ιι
139 946 298 1028 spectatio
317 946 430 1007 bonum
443 945 689 1023 reipublieoe,vel
701 945 859 1024 principis,
874 964 904 1006 v.
914 964 944 1025 g.
959 949 1114 1009 necessitas

102 1059 116 1088 ιι
140 1034 266 1114 pluvio,
280 1031 448 1111 ingruentis
467 1030 538 1091 belii
550 1075 559 1101 ‚
572 1030 622 1091 vel
646 1031 755 1110 pestis,
774 1031 821 1091 vel
836 1030 942 1091 similis
958 1033 1028 1093 moli
1044 1033 1115 1094 oni·

102 1144 115 1170 ιι
139 1117 260 1178 vorsolis
277 1137 287 1176 ι
304 1141 319 1172 ιι
336 1116 400 1195 (Ito
420 1114 510 1176 etiam
526 1116 634 1196 Sporer
646 1135 679 1176 n.
699 1117 770 1178 tto.
792 1122 822 1174 et
837 1113 940 1178 Tamo.
954 1135 979 1178 o.
992 1119 1021 1178 6.
1033 1117 1060 1200 S.
1079 1121 1111 1180 1.

100 1219 133 1262 ιι.
146 1201 191 1280 i.)
216 1226 231 1255 ιι
250 1203 326 1264 item
345 1201 485 1263 solemnis
509 1201 673 1280 gratiarum
694 1200 789 1272 aetio,
806 1199 944 1260 solemnis
969 1202 1114 1280 expositio

102 1313 116 1342 ι
139 1285 350 1360 Buthrotio,
365 1304 398 1346 v.
416 1305 448 1364 g,
460 1285 565 1347 diebus
584 1285 842 1348 onteeinerolibus.
866 1309 879 1339 ιι
901 1283 989 1366 (Vide
1008 1285 1044 1348 de
1057 1286 1114 1352 too

100 1370 224 1434 diemde
238 1391 272 1432 o.
283 1372 353 1432 121.
377 1369 461 1450 iosrd
477 1389 512 1431 n.
525 1370 603 1449 111.)
627 1395 641 1424 ι
661 1371 691 1431 2.
704 1369 829 1443 Quando
842 1369 965 1432 cadaver
984 1389 1115 1450 present

101 1481 115 1508 ιι
138 1465 182 1516 est
196 1456 229 1516 iu
242 1455 366 1515 Ecclesia
377 1499 386 1526 ‚
396 1454 448 1514 ubi
467 1473 539 1516 usos
547 1454 688 1516 obtinuit.
702 1456 779 1518 θαι).
789 1473 822 1535 p.
838 1456 867 1517 1.
883 1461 904 1516 t.
920 1457 948 1516 t.
962 1456 993 1516 5.
1003 1456 1113 1534 Siquis

102 1565 115 1593 ιι
138 1539 266 1602 tetemet
281 1539 313 1600 io
338 1539 488 1612 Ecclesia,
514 1540 548 1600 in
562 1558 623 1617 qua
648 1539 747 1617 egitur
766 1539 830 1600 dies
853 1539 943 1599 festos
961 1541 1018 1600 loci
1039 1559 1113 1620 pro·

101 1645 115 1678 ι
138 1625 244 1706 prius:
262 1621 343 1686 huno
357 1624 439 1684 enim
452 1641 514 1685 non
532 1622 651 1686 mutim
666 1641 771 1702 posse,
791 1623 841 1684 sed
860 1623 968 1684 dobere
990 1642 1026 1684 ex
1038 1643 1113 1686 oon-

101 1734 115 1761 ιι
137 1710 267 1790 gruitote
278 1709 463 1772 conformare
477 1710 609 1779 soloce,
633 1717 716 1771 notot
734 1709 811 1771 Goo.
828 1706 900 1772 Vide
923 1707 1025 1770 Tomi.
1037 1706 1061 1771 1.
1077 1713 1110 1772 2.

100 1819 115 1849 ι
137 1813 164 1856 o.
177 1796 269 1873 6.ᾳυί
279 1795 305 1876 §-
320 1797 351 1857 2.
369 1804 401 1857 et
411 1797 442 1856 t.
457 1794 560 1870 addit,
574 1795 688 1857 etiamsi
709 1793 843 1857 sacerdos
857 1803 975 1871 decepto
998 1794 1111 1872 stipen-

99 1904 113 1932 ·
136 1878 209 1950 dio,
223 1878 338 1940 homini
352 1881 523 1959 promiserit
536 1881 687 1954 votivam,
701 1880 748 1940 vel
767 1877 998 1958 moderandis,
1018 1881 1112 1944 etiam

100 1992 114 2020 ι
136 1965 265 2027 inuitari
285 1967 493 2045 privilegiato,
507 1983 569 2029 non
589 1964 686 2029 solim
710 1983 812 2045 posse,
833 1963 883 2026 sed
896 1963 1005 2025 debere
1031 1965 1112 2029 eele-

100 2076 113 2105 ι
136 2050 222 2111 beare
231 2049 350 2109 missam
362 2060 532 2112 euri-entem
545 2050 650 2111 diebus
659 2048 1103 2131 ‚quibosistoeprohibento1312

98 2138 172 2215 (iloe
184 2132 427 2217 multimodum,
444 2134 565 2216 quoodo
575 2134 670 2197 mitto
687 2152 743 2215 pro
756 2131 811 2195 itta
826 2134 874 2197 die
891 2133 1038 2215 promota
1051 2144 1107 2200 est.

100 2224 329 2284 Get-tomootem
351 2228 393 2283 est
409 2219 515 2293 hodie,
533 2228 602 2302 poot
621 2218 767 2281 decretum
783 2216 910 2280 odotem
934 2238 1017 2281 nom.
1036 2222 1108 2285 559.

98 2323 126 2366 o.
144 2306 245 2381 Quor.
261 2307 291 2366 1.
305 2304 385 2388 qodd
395 2302 586 2388 indulgentie
606 2301 714 2365 altaris
727 2301 910 2387 privilegiati
931 2302 1001 2366 bono
1016 2304 1110 2367 etiam

96 2390 318 2475 percipiuntur,
344 2390 465 2472 quondo
495 2389 605 2453 dicitur
623 2389 718 2453 mosa
735 2388 844 2470 duplex
868 2389 927 2452 diei
949 2393 1108 2454 currentis.

96 2475 153 2539 Hie
172 2495 288 2559 quoque
303 2476 470 2539 notandum
483 2474 584 2558 quod,
606 2475 675 2538 edm
686 2472 788 2538 molto
807 2474 905 2538 misto
919 2475 1025 2539 votioot
1044 2477 1110 2539 sint

95 2570 238 2642 accepte,
260 2570 290 2624 et
312 2580 375 2625 oon
394 2557 548 2642 sufficiant
567 2560 630 2623 dieo
653 2578 715 2624 oon
734 2559 886 2643 impediti,
904 2568 1030 2643 possunt
1051 2580 1109 2641 ap·

95 2641 205 2725 plicari
217 2648 316 2710 motem
337 2656 505 2723 currentes,
522 2656 558 2708 ot
574 2644 737 2709 declaravit
747 2648 780 2709 S.
795 2647 829 2708 6.
845 2648 894 2707 19.
915 2644 997 2725 Mojt'
1017 2648 1105 2707 1611.

94 2747 132 2790 ex
149 2731 252 2809 qratia
270 2730 393 2811 speciali
406 2730 562 2811 Pontificio
580 2730 663 2811 opud
682 2730 836 2813 Morotip.
848 2730 929 2809 116.)
944 2754 958 2783 ιι
978 2729 1039 2793 imt
1051 2732 1109 2793 etsi

95 2838 108 2868 ιι
133 2815 195 2872 Deo
207 2831 263 2885 per
276 2825 381 2876 votum
396 2816 468 2875 tolon
485 2818 587 2877 missos
601 2816 790 2894 promiserit,
810 2832 870 2876 non
886 2824 985 2876 tomen
1004 2813 1041 2873 ad
1057 2834 1110 2877 ooo

93 2923 106 2953 ι
129 2897 254 2976 obligari
270 2898 334 2959 istis
349 2898 453 2959 diebus
468 2942 476 2970 ‚
490 2898 527 2961 ed
545 2900 626 2978 quod
644 2906 746 2961 votum
768 2916 829 2958 non
857 2898 968 2975 obliget
985 2898 1109 2975 quondo

94 3009 106 3037 ιι
132 2981 257 3061 impedit
283 2981 396 3045 bonum
416 2982 533 3060 majus,
557 2984 645 3061 quale
670 3000 733 3044 esse
767 2980 838 3043 dicit
868 2980 1109 3050 conformitatem

93 3094 106 3123 ι
132 3068 220 3131 offitii
232 3086 301 3129 eum
317 3067 405 3127 misso
422 3066 528 3129 :sectis
539 3068 643 3129 diebus
655 3069 732 3129 aliie.

1134 2438 1138 2447 ‘

136 3179 151 3209 ιι
171 3153 239 3214 Dixi
252 3155 283 3215 2.
300 3150 334 3211 in
344 3168 500 3213 numerum
512 3155 688 3213 Sanctorum
700 3148 793 3213 relato
809 3150 901 3229 :quio
913 3148 938 3209 si
951 3149 990 3213 sit
1008 3149 1105 3213 beoti-
1222 3184 1223 3211 ι

94 3260 108 3291 ι
131 3238 234 3299 fleatuo
256 3234 392 3314 tuatim,
413 3236 450 3297 de
467 3255 527 3316 quo
555 3237 643 3299 certis
660 3236 861 3298 sacerdotibus
876 3254 907 3294 v.
923 3253 953 3315 g.
970 3252 1104 3314 quorum

92 3343 106 3371 ιι
130 3321 244 3380 ordinis
262 3322 343 3396 soit,
362 3338 531 3383 eoncessum
550 3323 589 3383 eit
609 3321 730 3383 missam
750 3321 867 3399 legere,
881 3321 989 3383 dotent
1004 3322 1100 3385 Gran.
1222 3354 1223 3357 ι

91 3421 105 3449 ιι
128 3401 159 3457 2.
169 3404 199 3459 2.
215 3412 292 3463 cont.
309 3407 339 3465 1.
352 3424 378 3467 c.
389 3408 420 3467 7.
433 3404 464 3467 d.
475 3407 507 3467 1.
520 3424 547 3469 o.
559 3408 590 3469 2.
602 3413 633 3469 et
643 3404 746 3469 Esoob.
761 3414 864 3467 eontra
876 3402 1026 3485 Poleam,
1040 3422 1102 3469 non

90 3501 103 3526 ι
130 3479 220 3538 licere
231 3487 296 3543 otiis
314 3490 534 3566 sacerdotibus,
548 3491 603 3553 etsi
625 3490 743 3552 nullum
763 3490 905 3552 aliud-sit
925 3491 1048 3567 festum,
1063 3490 1101 3551 do

89 3578 103 3605 ”
126 3572 162 3613 ⁹0
180 3558 435 3648 legeiozeoqutd
447 3576 490 3637 sie
501 3574 637 3659 expresse
649 3576 856 3644 determinavit
878 3596 958 3639 soem
977 3576 1098 3637 Rituom
