2450 3975
267 150 341 229 Cup.
361 149 391 211 t.
410 148 456 209 De
472 146 596 209 essentia
609 144 818 211 Euebariatioe.
837 148 917 213 Dei.
933 153 964 213 t.
1055 106 1060 117 ι
1097 156 1118 217 7

103 252 230 313 damnat
248 248 397 323 dieentes,
411 250 593 329 praecipuum
613 249 744 311 fructum
763 248 853 329 hujus
868 250 1041 313 sacramenti
1055 268 1118 315 aare

102 336 314 398 remissionem
334 344 533 416 peecatorum.

140 419 280 483 Secunda
297 418 444 481 sententie
462 426 562 479 tamen
577 416 780 497 probabilior,
795 437 886 499 quam
905 427 1008 483 teuent
1026 422 1113 484 cane

98 526 133 591 p.
149 507 224 569 517.
237 524 271 566 a.
284 506 314 566 6.
325 506 389 566 Sat.
401 502 471 565 Led.
493 510 523 565 et
538 499 639 585 ptura
656 520 724 565 eum
734 500 828 567 Saim.
840 504 913 569 ibid.
925 524 959 567 a.
970 506 1115 569 tederet

102 598 211 653 vatum
224 591 327 651 saltem
343 588 489 660 virtuale,
502 594 532 648 et
545 587 725 666 implicitum
737 587 945 666 Eucharistiae,
956 590 1115 670 respiciens

97 676 162 739 hoe
178 681 397 737 sacramentum
412 682 446 734 ut
455 672 547 735 finem
557 673 627 733 vita
643 673 806 754 apiritualie
818 718 828 748 ,
838 692 902 737 esee
920 677 1114 737 neceesarium

97 764 277 821 necessitate
301 757 392 819 medii
416 756 452 817 ad
474 759 600 819 salutem
621 764 683 820 tam
708 758 838 834 adultis,
859 760 950 840 quim
971 762 1112 841 parentia.

22 893 27 901 .
95 845 208 906 Adulti
227 854 327 907 autem
346 843 404 904 tale
420 851 524 904 vatum
537 841 754 917 habeut,di1m
766 856 946 907 aeramenta
960 846 1113 925 baptismi,

20 983 25 992 .
94 939 155 990 aut
177 929 363 1009 punitentia
385 928 571 1006 suscipiunt3
594 928 732 989 volanae
754 930 836 991 euim
858 931 992 1009 ipsarum
1015 930 1114 991 omnia

94 1011 249 1093 praiepta
266 1012 426 1093 implendi,
441 1010 498 1073 hoe
511 1013 601 1073 etiam
617 1021 798 1092 praeeptum
807 1012 997 1076 Eucharistiae
1009 1014 1114 1075 saltem

93 1096 248 1179 impliciti
269 1095 517 1177 comprehendit:
534 1097 651 1175 parvuli
670 1095 743 1159 vert
763 1107 868 1159 ratum
890 1098 1025 1171 habeut,
1050 1114 1113 1159 nau

94 1198 138 1242 ex
158 1182 314 1241 vuluntate
335 1180 473 1260 propria,
493 1180 545 1240 sed
566 1198 603 1241 ex
623 1182 777 1243 vuluntate
797 1182 941 1261 implicita
959 1183 1111 1255 Eeetoeire,

93 1283 168 1338 quae
183 1266 285 1344 pueris
303 1264 487 1343 applicatur,
503 1264 581 1325 sicut
601 1265 765 1343 applicatur
784 1266 920 1327 voluutas
936 1266 1111 1343 suscipiendi

91 1349 294 1429 baptismum.
312 1351 349 1409 Et
372 1346 451 1411 ¹haue
466 1347 553 1409 daret
573 1350 606 1411 8.
635 1347 740 1411 Titum.
762 1366 797 1429 p.
814 1350 843 1409 5.
857 1366 889 1428 q.
906 1350 957 1410 tu.
978 1368 1008 1408 a.
1026 1351 1054 1411 t.
1072 1349 1114 1411 aa

92 1436 127 1495 i.
146 1434 201 1495 ubt
216 1434 282 1495 ait:
300 1434 364 1495 Hae
378 1428 597 1495 adcrementum
613 1450 651 1493 ex
667 1431 762 1513 reipub
780 1431 921 1493 eirtmem
938 1431 1025 1495 babet
1039 1452 1113 1516 yra-

10 1568 11 1571 ,
90 1516 176 1579 tium
189 1515 360 1593 conserendi
366 1560 377 1595 ,
390 1535 441 1579 aee
453 1512 565 1599 eliquia
581 1515 668 1579 tabee
681 1517 813 1598 qratiam
825 1524 893 1578 ente
902 1519 1112 1599 waceptiouem

89 1600 110 1662 b
116 1602 192 1685 ujus
205 1602 383 1664 recrementi
392 1624 405 1661 .-
415 1598 461 1663 vei
468 1601 531 1663 aiei
539 1620 576 1663 ea
585 1599 688 1682 alique
700 1609 767 1665 eota
782 1601 896 1683 ipaiua,
907 1601 985 1664 auat
996 1601 1095 1665 adulti
1101 1649 1110 1679 ,

88 1686 142 1752 vet
153 1696 223 1749 voto
236 1683 387 1765 Eeeleaiee,
400 1685 476 1747 sieut
483 1684 617 1767 perirati.
629 1689 664 1747 Et
684 1687 828 1766 probatur
847 1686 945 1767 primi
965 1704 1001 1747 ex
1016 1688 1107 1750 ioan.

88 1796 120 1838 e.
136 1776 167 1837 b.
182 1770 229 1847 Ji.
245 1774 293 1833 bi.
304 1769 375 1831 Niai
391 1768 642 1833 manducaretur
657 1768 1022 1847 ermeneumata,
1035 1780 1108 1850 ete„

88 1878 159 1921 eren
176 1853 319 1919 habebitis
329 1853 569 1919 eitumiaaobia.
580 1856 727 1919 Probatur
744 1854 874 1919 aeeuudb
892 1856 1024 1931 ratione,
1039 1859 1109 1937 quia

90 1949 280 2006 sacramenta
297 1940 434 2020 baptismi
457 1948 489 2002 et
506 1940 710 2020 pauitantia,
735 1960 802 2024 qua
819 1940 898 2004 certi
914 1949 985 2003 suat
1008 1960 1109 2006 necea·

90 2029 174 2092 saria
191 2025 362 2088 necessitate
379 2023 489 2099 medii,
503 2025 606 2088 saltem
619 2027 652 2088 in
672 2035 764 2103 voto,
784 2026 822 2088 ad
844 2027 972 2108 primam
983 2029 1109 2106 gratiam

90 2111 314 2183 obtinendam,
338 2126 400 2172 neu
427 2109 582 2172 conserunt
606 2111 757 2190 gratiam,
782 2111 839 2173 uisi
863 2111 1047 2189 mpieieudo
1069 2113 1107 2176 ad

91 2195 311 2260 Eucharistiam
319 2238 330 2270 ,
345 2203 379 2254 ut
392 2194 428 2256 ad
441 2193 533 2256 finem
548 2195 685 2256 amnium
703 2204 965 2257 sacramentorum.

1 2291 2 2294 ’
135 2281 206 2342 tue.
221 2313 261 2326 ·-
274 2279 425 2353 Quaeritur
442 2279 474 2342 b.
490 2281 537 2340 An
554 2278 734 2343 Eucharistia
753 2281 786 2340 in
806 2298 840 2342 re
853 2323 863 2353 ‚
876 2280 924 2340 vel
937 2281 969 2340 in
981 2287 1052 2343 vota
1068 2283 1107 2344 sit

91 2365 230 2428 madium
243 2364 439 2426 necessarium
454 2362 561 2426 adultis
574 2363 612 2424 ud
624 2365 717 2426 vitam
728 2365 914 2444 spiritualem
931 2382 1106 2429 eanaervau·

91 2451 189 2512 dam?
205 2451 232 2511 N
234 2455 320 2528 egent
337 2449 523 2530 tuaavasq.
540 2445 681 2510 Durani.
694 2456 745 2510 ete.
759 2447 842 2530 apert
854 2444 948 2510 Saim.
961 2447 996 2509 de
1007 2449 1103 2512 Eueb.

91 2554 120 2597 e.
132 2537 162 2596 5.
175 2532 244 2597 aab.
256 2536 286 2595 2.
297 2551 331 2594 re.
342 2534 390 2594 et.
404 2532 532 2594 dieentes
545 2531 582 2594 ad
594 2532 651 2596 hoa
660 2534 716 2595 alia
729 2533 828 2595 adesse
838 2533 944 2592 media.
955 2533 1104 2596 Sedeam·

91 2617 218 2683 muniris
239 2627 270 2679 et
291 2615 390 2679 verius
407 2617 555 2678 affirmant
566 2619 653 2695 Sota,
667 2619 763 2683 Genu.
775 2625 805 2679 et
816 2613 908 2676 Selm.
923 2615 1040 2678 ittae.
1052 2620 1102 2682 55.

90 2723 162 2767 eum
179 2705 212 2764 8.
230 2700 333 2764 Titum.
347 2721 382 2784 p.
399 2703 429 2764 5.
444 2718 474 2782 q.
494 2703 544 2763 80.
564 2709 626 2762 ert.
642 2703 691 2760 tt.
705 2699 747 2760 ad
760 2703 791 2761 2.
812 2700 917 2771 Ratio,
938 2700 1008 2778 quia
1028 2702 1104 2764 sieut

88 2789 155 2851 vita
178 2785 310 2866 eorporis
330 2785 383 2847 diu
403 2803 464 2846 non
479 2783 756 2864 potestaanservari
771 2783 835 2845 sine
855 2783 921 2845 cibe
938 2787 1102 2863 materiali,

87 2872 133 2936 ita
153 2872 215 2933 vita
232 2869 339 2932 animae
359 2870 424 2931 aine
443 2866 501 2930 hoe
521 2868 587 2929 ciba
607 2869 773 2948 spirituali,
792 2867 896 2930 saltem
912 2869 946 2929 iu
968 2879 1104 2945 veto‚et

88 2955 215 3036 quidem
236 2954 374 3034 explicito
391 2954 425 3016 iu
444 2970 501 3028 eo,
522 2955 575 3034 qui
597 2954 798 3017 neeessitatem
817 2950 907 3031 hujus
928 2956 1101 3034 sacramenti

88 3040 230 3102 advertit.
581 3065 585 3072 ’

128 3125 207 3200 Hine
220 3117 427 3185 teneutSeim.
440 3120 513 3186 ibid.
525 3141 558 3184 n.
572 3123 623 3184 42,
635 3140 703 3183 eum
716 3120 856 3204 Corneio,
870 3128 924 3184 ete.
938 3139 999 3183 nan
1012 3141 1100 3186 axau·

88 3211 149 3272 sari
164 3208 181 3270 b
191 3217 328 3290 peceato,
338 3209 427 3269 etiam
438 3209 489 3287 qui
501 3210 592 3270 semel
603 3210 636 3270 iu
647 3225 725 3270 anuo
734 3207 947 3269 Eucharistiam
959 3217 1098 3285 sumunt,

88 3296 112 3356 si
129 3296 234 3358 norint
249 3293 490 3356 communionem
510 3303 571 3356 tum
585 3311 684 3356 raram
699 3294 742 3354 eia
759 3311 820 3354 nau
835 3289 968 3351 sufficere
980 3291 1018 3350 ad
1032 3309 1100 3371 per·

88 3377 307 3526 surgendum,
329 3375 429 3440 habiti
452 3377 567 3442 ratione
593 3378 722 3458 propriae
746 3373 938 3437 infirmitatis.
958 3372 1030 3438 Vide
1052 3375 1099 3437 di·

86 3482 138 3525 eeu
161 3483 181 3526 a
198 3481 232 3526 u.
253 3463 324 3526 295.
