2450 3975
252 204 324 284 Cup.
341 202 370 261 l.
385 202 431 263 De
442 178 570 263 essentiis
584 196 791 263 Eucharistiae.
803 198 882 263 not.
894 201 924 263 s.
1054 203 1093 267 ts

86 302 184 389 poris,
201 300 272 365 obiit
286 299 439 371 sacerdos,
457 298 531 380 quio
551 316 612 360 ooo
640 308 684 360 est
711 297 795 380 [oeta
814 300 1009 376 contemtio,
1029 322 1091 365 nott

85 399 126 451 est
153 405 276 458 necesse,
298 393 333 445 ut
360 384 455 445 missa
483 400 538 464 per
565 380 662 444 olium
690 380 874 465 suppleatur.
903 386 982 465 Ergd
1017 406 1091 449 enn-

84 474 199 535 seeratio
216 489 275 531 non
297 470 351 540 ht,
366 469 422 529 nisi
441 486 495 547 per
518 467 632 527 rerba:
655 470 719 529 Hae
735 476 793 543 est,
815 478 874 529 ete.
895 470 988 549 ldque
1017 491 1089 533 eon·

84 558 213 618 firmatur
243 556 275 615 iu
302 556 428 613 Deerato
445 551 594 631 Coponii,
617 551 669 613 nbi
684 551 839 614 babetur-s
864 556 972 615 Formo
998 553 1089 639 hujus

82 639 251 701 sacramenti
281 644 356 699 suut
380 634 468 698 verbo
488 633 673 707 Saloutaria,
694 633 803 716 quihus
828 635 882 697 hoe
911 637 1027 716 conficit
1041 658 1089 702 aa·

81 732 274 800 enumeremus,-
288 719 423 783 sacerdos
445 719 525 780 etaim
553 719 588 781 in
612 738 741 801 persona
762 718 1012 802 christiloquae
1033 723 1086 787 hos

79 808 188 891 conficit
203 814 431 869 sacramentum.
445 808 522 883 Ergo
537 814 754 866 sacramentum
766 822 827 865 non
842 806 1086 881 coniicitur,nisi

79 912 129 971 per
148 893 234 953 verba
255 891 387 963 Christi,
409 908 476 969 qua
503 889 583 952 eertd
603 889 660 949 alia
673 907 734 951 non
752 898 838 963 sunt,
860 891 918 951 nisi
937 892 987 951 illa
999 912 1007 953 ε
1021 894 1084 955 Hae

79 988 138 1056 est,
161 988 215 1039 eto.
233 979 337 1039 Scottis
357 985 456 1036 autem
472 968 508 1037 tri
527 978 557 1037 i.
581 974 611 1037 d.
626 977 656 1035 8.
680 994 711 1056 q.
734 978 765 1037 2.
782 993 816 1036 o.
836 977 867 1037 b.
886 992 947 1037 non
969 976 1085 1038 dubitat

79 1066 148 1141 quin
166 1064 260 1123 forma
275 1061 502 1122 consecrationis
513 1060 596 1139 panis
606 1068 636 1121 et
645 1060 820 1139 viniutique
834 1061 895 1121 sint
904 1060 992 1123 verba
1005 1064 1084 1124 siloe

77 1158 225 1229 eatoorpus
234 1192 243 1219 ‚
253 1157 310 1208 ete.
321 1146 426 1209 Hicest
440 1142 594 1224 eulia,ete.
605 1144 923 1207 Sedsihteesolarerba
931 1148 1083 1226 proferan-

75 1242 139 1304 tur,
155 1232 359 1311 praetermissis
379 1231 458 1303 illis,
475 1230 536 1307 Qui
542 1228 663 1310 pridie,
676 1238 747 1301 eto,
763 1248 802 1290 an
814 1230 867 1290 fiat
885 1230 1083 1295 consecratio?

73 1317 199 1391 dubitat,
216 1326 246 1379 et
256 1314 329 1377 dicit
339 1325 409 1376 tune
420 1324 636 1375 sacramentum
646 1314 702 1373 auh
710 1313 878 1375 conditione
887 1313 1081 1376 adorandum.

73 1403 173 1474 Ratio,
188 1402 257 1479 quia
272 1400 379 1470 verba,
395 1401 459 1461 Hae
472 1406 530 1473 est,
543 1408 616 1470 ete„
634 1399 748 1477 prolata
760 1398 823 1458 sine
837 1398 1080 1477 precedentibus,

71 1508 122 1567 per
137 1506 168 1549 se
191 1506 254 1549 nnn
276 1486 443 1567 significant
459 1502 566 1564 eorpus
582 1483 711 1560 Christi,
728 1484 779 1545 sed
792 1502 899 1564 eorpus
911 1484 1081 1562 sacerdotis3

70 1574 146 1634 unde
163 1579 300 1651 oportet,
320 1579 352 1631 ut
372 1588 427 1649 per
444 1570 646 1631 antecedentia
666 1570 757 1630 uerba
778 1570 980 1647 significetur,
998 1569 1080 1649 quid

70 1658 198 1719 sacerdos
217 1657 358 1734 loquutur
371 1657 403 1715 io
420 1672 544 1733 persona
556 1654 677 1715 Christ-i.
692 1656 729 1714 Et
745 1653 822 1713 bane
841 1656 1016 1715 sententiam
1033 1671 1079 1713 se-

69 1751 202 1819 quuntur
213 1738 317 1820 Auqel.
328 1758 357 1800 o.
371 1738 565 1801 Euchariston
576 1758 610 1799 o.
623 1741 672 1799 hi.
685 1736 877 1817 Deposquier
888 1746 909 1798 t.
923 1738 953 1798 7.
964 1756 998 1818 p.
1010 1742 1078 1800 588.

11 1900 12 1903 ¹
68 1830 162 1905 Atque
187 1828 273 1887 Ceret.
291 1828 401 1885 Tooru.
422 1822 458 1884 de
480 1823 577 1885 Eueh.
599 1842 667 1905 cap.
689 1827 718 1884 i.
742 1830 803 1883 ort.
831 1825 861 1883 2.
877 1820 967 1884 eoool.
989 1824 1018 1884 5.
1042 1842 1079 1885 oo

11 1930 12 1973 3
67 1916 192 1975 Frosseo
209 1920 248 1971 tr.
262 1912 311 1970 li.
334 1930 365 1992 p.
391 1913 458 1971 177.
474 1929 504 1971 u.
525 1913 655 1981 Veram,
670 1909 773 1970 dieunt
789 1927 850 1970 non
873 1909 974 1971 carere
991 1912 1076 1970 omni

68 1997 285 2076 probabilitate.
299 1997 357 2058 Alii
374 1996 445 2078 verb
462 1997 678 2068 communiter,
700 2004 734 2055 ut
751 1996 841 2056 luen.
862 2003 885 2056 t.
907 1996 936 2056 7.
955 2016 986 2077 p.
1005 1999 1077 2057 789.

70 2086 178 2144 Toum.
193 2079 286 2143 Prot.
302 2079 388 2142 tleeol.
406 2079 441 2142 de
458 2080 554 2142 Eueh.
576 2101 627 2163 qu.
641 2083 671 2141 i.
687 2088 747 2140 ort.
762 2082 792 2142 8.
806 2077 895 2143 oooel.
913 2081 943 2142 5.
963 2083 1076 2154 Cenat,

11 2167 12 2206 ἶ
67 2169 151 2228 Mon.
173 2175 196 2227 t.
210 2169 240 2227 6.
253 2185 286 2247 p.
302 2168 370 2227 985.
388 2169 476 2227 Cone.
492 2174 514 2226 t.
535 2167 564 2226 8.
583 2185 617 2248 p.
635 2168 705 2226 aba.
727 2185 760 2226 o.
775 2168 806 2227 7.
820 2163 985 2228 Fretuetsl.¹
1004 2185 1030 2227 e.
1046 2173 1076 2226 et

64 2255 142 2336 Lupo
153 2251 187 2314 d.
201 2254 250 2312 ii.
272 2270 306 2312 a.
328 2253 376 2312 59.
393 2252 455 2332 (qui
468 2253 511 2312 ait
532 2253 703 2330 opinionem
717 2251 796 2312 Seoti
818 2251 856 2310 ab
874 2251 1012 2312 omnibns
1027 2269 1076 2311 re·

63 2335 121 2415 jioi)
135 2338 246 2398 docent
258 2335 297 2396 ad
316 2337 565 2397 consecrationem
578 2335 711 2396 sufficere
730 2338 792 2397 sola
810 2335 901 2397 verba
917 2356 926 2393 ε
941 2337 1004 2396 Boe
1013 2343 1073 2411 est,

65 2429 117 2480 ete.
135 2421 285 2482 Probatur
304 2439 340 2481 ex
365 2422 488 2482 Decreto
522 2419 668 2500 Coponii,
684 2419 736 2480 ubi
763 2420 873 2481 dieitur
895 2419 1074 2480 consecratio

66 2523 121 2568 non
149 2507 216 2566 aliis
244 2507 311 2566 heri
335 2506 391 2566 uisi
420 2507 519 2566 verbis
545 2504 655 2566 Christi
682 2507 825 2568 :Formo
853 2503 946 2584 huius
973 2522 1075 2565 suero·

64 2589 152 2650 menti
176 2597 249 2651 suut
271 2587 359 2651 uerba
382 2587 567 2663 Saloutaria,
583 2589 691 2668 quattus
704 2587 758 2650 too
775 2587 893 2668 conficit
908 2605 1075 2647 sacramen·

66 2679 147 2750 tom,·
160 2671 295 2736 sacerdos
308 2672 430 2734 thimio
443 2691 570 2756 persono
586 2672 697 2734 Christi
708 2670 830 2751 loquens
850 2668 966 2750 conficit
977 2687 1075 2732 oacru-

63 2768 200 2820 utentum.
216 2761 253 2820 Et
270 2768 304 2819 ut
325 2759 457 2821 sacerdos
467 2761 607 2837 loquutur
623 2755 658 2816 iu
676 2773 804 2837 persona
824 2754 951 2830 Christi,
965 2757 1074 2819 suffieit

64 2843 138 2920 qudd
148 2861 256 2922 eorpus
269 2842 376 2904 Christi
391 2845 460 2904 satis
473 2844 642 2921 designetur
651 2859 688 2901 ex
702 2842 887 2904 institutione
899 2840 1024 2916 Christi,
1041 2855 1072 2905 et
1189 2853 1201 2872 ⁰

63 2946 95 2989 ex
113 2929 282 2991 intentione
303 2928 459 2990 sacerdotis
470 2973 478 3002 ‚
491 2938 581 3007 prout
596 2927 621 2987 si
638 2945 691 2988 rex
706 2927 805 3005 eliqua
825 2928 987 2989 instituerit
1005 2947 1072 2989 ver·

63 3011 112 3086 ba,
127 3033 195 3093 quae
206 3012 323 3091 quoties
333 3012 526 3074 dicerentur'a
534 3011 652 3089 judice,
663 3021 906 3090 repraesentarent
917 3028 1072 3091 personam

61 3100 153 3177 tegis,
179 3094 238 3158 hoe
261 3097 326 3176 ipso
348 3095 429 3175 qudd
448 3097 464 3156 h
482 3097 581 3175 judice
600 3098 793 3173 proferuntur
814 3098 892 3176 regis
915 3113 1071 3176 personam

61 3188 282 3260 mpraesentant.
301 3182 369 3242 Haeo
384 3181 504 3258 quidem
523 3181 667 3242 sententia
688 3189 733 3241 est
755 3180 941 3253 eommunis,
957 3188 988 3239 et
1002 3196 1071 3257 pro·

62 3264 237 3326 habilissima
247 3286 257 3342 3
269 3264 322 3325 sed
334 3267 498 3344 oppositam
521 3284 582 3326 nou
599 3267 694 3327 audeo
712 3265 811 3326 dioere
824 3263 1066 3344 improbabilem:

62 3348 137 3413 tanti
151 3351 265 3428 magis,
280 3350 349 3428 quia
359 3351 484 3410 Rubi-iun
498 3350 554 3412 Tit.
571 3353 601 3412 5.
616 3370 650 3413 o.
672 3353 702 3411 ὅ.
717 3349 764 3410 tit.
782 3351 832 3410 to.
850 3367 884 3409 n.
899 3350 930 3408 5.
945 3356 976 3409 et
998 3349 1069 3409 olibi

62 3435 174 3510 quando
185 3435 281 3494 souma
297 3442 341 3494 est
352 3433 509 3512 repetenda
526 3437 643 3519 ratione
657 3436 789 3495 materiae
799 3432 908 3507 dubiae,
918 3431 966 3494 rel
976 3450 1068 3506 exeo,

61 3517 136 3593 dudd
156 3518 253 3578 lorma
276 3517 373 3578 calicis
392 3519 482 3578 luerit
511 3519 719 3597 semiprolata,
742 3516 891 3595 precipit,
917 3525 952 3577 ut
973 3533 1068 3576 saeer-

61 3601 107 3665 dus
116 3601 286 3683 incipiatab
298 3603 356 3664 illis
366 3603 479 3668 verbis:
495 3605 555 3681 Qui
564 3601 661 3685 pridie
671 3647 680 3678 ‚
690 3611 745 3668 etc.
759 3610 790 3666 et
797 3598 1001 3675 stabilimen,
1010 3609 1065 3662 ete.
