2450 3975
134 182 172 243 Ἦ
375 170 904 241 ιίὁ.6.7’ναοί.5.ὒοὶυο1ιαήείια.

137 286 177 341 nit
194 284 311 343 Teranei·
326 278 408 361 opud
420 277 558 341 Bneemb.
571 279 605 339 in
616 276 673 358 fin.
695 275 761 357 ieci.
783 274 855 339 dni.
874 275 954 339 iaaud
967 279 1139 359 expedire).
1217 322 1219 344 ÷

135 368 179 425 vri
190 367 324 427 excludat
335 366 372 427 ab
383 363 557 427 intentione.
576 364 633 425 Sed
645 362 735 425 Graiu
747 362 821 423 dicit
837 364 927 423 etiem
951 383 1036 443 posse
1059 367 1141 427 licite
1217 389 1218 426 r

136 450 283 513 includere
304 468 352 511 eae
370 450 402 511 in
420 450 601 521 intentione,
624 465 664 509 ne
681 447 714 509 in
733 447 822 508 eaiioe
844 450 884 508 sit
902 449 1029 521 vinum,
1058 451 1142 531 quod

137 553 196 595 non
214 536 252 595 sit
265 543 464 597 consecratum
474 534 528 614 (i).
541 535 587 595 Sic
598 535 688 593 etiam
697 532 771 593 dicit
783 533 874 594 Croic
885 541 989 595 centra
998 535 1142 597 Bnaemb.

134 618 214 697 qudd
237 620 369 682 sacerdos
393 620 480 680 debet
506 636 677 680 consecrare
696 618 787 679 micas
809 617 991 679 adherentes
1017 618 1139 692 hostiis,

134 720 195 764 non
210 713 308 765 autem
333 713 477 783 seperatus
495 704 527 764 in
552 712 680 782 patena,
696 703 744 762 vel
765 702 936 780 eorpore1i3
965 721 1020 765 nee
1044 704 1142 765 obstat

134 786 214 865 qudd
227 806 275 849 eas
287 788 431 849 sumendo
446 787 604 849 laederetur
621 786 791 865 jejunium,
809 806 879 848 nam
905 790 998 866 magis
1021 788 1142 847 videtur

135 879 205 943 tune
217 866 403 949 pra'eeevenda
413 872 605 933 irreverentia
623 871 815 942 sacramenti,
828 870 917 948 quim
927 873 1011 933 'laesio
1019 871 1140 949 jejunii.

134 954 164 1015 Si
175 955 245 1017 verd
267 958 351 1017 micae
365 958 425 1017 sint
441 958 474 1019 iu
492 957 604 1018 ciborio
619 999 628 1028 ‚
645 974 694 1017 eea
707 958 797 1017 etiam
811 955 874 1037 (ait)
897 957 1030 1019 intendat
1045 974 1145 1019 conse·

135 1057 233 1116 erere,
260 1040 328 1105 edm
348 1042 424 1105 absit
444 1042 610 1123 periculum
632 1041 848 1120 eoeperdendi.
1218 1043 1219 1046 ’

173 1153 243 1213 216.
256 1184 294 1197 -
309 1178 323 1207 a
337 1155 366 1214 5.
376 1152 478 1215 valida
489 1160 533 1213 est
552 1153 732 1213 consecratio
745 1197 754 1226 ‚
775 1155 800 1215 1.
814 1154 844 1214 Si
858 1155 991 1216 sacerdos
1006 1157 1143 1218 intendat

135 1262 150 1291 n
175 1252 344 1300 consecrare
360 1257 396 1299 ex
411 1239 546 1318 pluribus
555 1237 659 1298 hostiis
669 1240 861 1318 praesentibus
869 1238 984 1301 tantum
995 1242 1141 1321 quinque,

136 1346 149 1377 a
174 1339 221 1384 eas
233 1323 476 1397 determinando,
490 1325 537 1384 vel
552 1342 675 1396 omnes,
695 1332 803 1403 practer
819 1325 971 1399 infimam,
987 1336 1017 1386 et
1038 1346 1145 1406 supre-

136 1431 149 1461 ι
174 1425 253 1467 mam
269 1410 399 1482 cumuli,
413 1410 460 1470 vel
471 1425 571 1469 omnes
589 1425 689 1486 peres,
702 1425 732 1468 v.
743 1427 772 1488 g.
785 1410 966 1480 secundam,
986 1424 1142 1489 quartam,

135 1516 149 1546 a
173 1501 299 1564 sextam,
324 1496 424 1555 sirint
443 1494 547 1555 ordine
569 1494 731 1563 collocatae,
758 1502 788 1555 et
806 1495 1036 1570 determinetur,
1061 1500 1144 1560 unde

135 1602 148 1631 a
173 1580 348 1640 numerandi
370 1580 488 1642 initium
508 1578 684 1640 sumendum
698 1581 755 1656 sit;
769 1581 848 1659 quod
861 1588 960 1641 tamen
972 1601 1061 1661 grove
1075 1603 1147 1663 pee-
1219 1593 1220 1598 ’

135 1689 149 1717 a
173 1670 270 1723 cetum
286 1666 354 1725 erit.
375 1662 460 1739 Quid
480 1666 505 1725 si
522 1672 622 1724 autem
641 1662 720 1738 hoe,
738 1666 860 1725 vetolio
883 1683 966 1736 casu,
986 1685 1048 1728 non
1072 1688 1145 1730 eon·

135 1774 149 1804 a
173 1758 290 1811 secretae
303 1750 479 1813 misceantur
491 1750 665 1812 consecretis
676 1793 685 1820 ,
698 1758 777 1812 totus
790 1752 924 1812 cumulus
940 1752 977 1811 ad
996 1755 1089 1814 attare
1100 1762 1145 1814 est

136 1860 149 1890 e
173 1835 363 1911 deserendus,
382 1845 417 1897 ut
439 1837 572 1897 sacerdos
584 1835 716 1897 intendat
733 1854 901 1898 consecrare
915 1855 975 1898 non
990 1856 1146 1900 conseera-

136 1946 149 1976 »ι
175 1929 219 1981 tas
233 1941 242 1979 ε
257 1922 304 1981 vel
323 1920 421 2000 potiris
435 1930 530 1983 totum
551 1922 704 1981 cumulum
720 1929 869 1982 consecret
885 1918 940 1981 sub
959 1923 1144 1994 conditione,

135 2033 149 2062 a
173 2007 198 2066 si
212 2023 273 2067 non
284 2007 344 2066 sint
355 2017 536 2068 consecratae.
550 2031 563 2059 n
582 2006 635 2084 (Et
649 2004 701 2067 iace
710 2005 989 2087 potidrsceicndnm
999 2017 1056 2080 est,
1071 2012 1146 2092 quio
1220 2036 1221 2077 3

135 2091 169 2152 in
178 2091 369 2154 consecrando
379 2090 490 2154 hostias
500 2110 560 2152 non
572 2099 768 2167 consecratae,
783 2089 1148 2171 deficitcercdetermina-

135 2176 337 2254 tiomcterioe,
364 2194 416 2238 nee
433 2185 529 2258 potent
541 2173 692 2254 verificare
704 2173 824 2237 verbnm
838 2178 919 2246 Hoc,
944 2174 1023 2238 unde
1040 2176 1146 2240 decern
1220 2176 1221 2243 i

132 2262 295 2324 conaeerari
310 2280 410 2324 aranea
427 2259 530 2324 hostire
546 2259 600 2322 acb
614 2258 795 2334 conditione,
811 2268 847 2322 ut
871 2257 967 2323 aoiidd
983 2281 1148 2324 coneeeren·
1220 2258 1221 2271 ³

135 2353 185 2406 tur
196 2370 214 2423 ‚·.
225 2346 269 2406 ito
291 2352 370 2430 tayo
380 2346 410 2408 d.
424 2349 454 2408 d.
466 2365 498 2407 n.
514 2342 684 2407 tensam.
696 2344 731 2406 de
746 2345 841 2407 Baria.
855 2365 880 2407 e.
891 2349 922 2407 d.
933 2365 966 2428 p.
977 2347 1006 2408 7.
1021 2367 1054 2408 n.
1072 2351 1144 2408 429.

134 2449 200 2492 curn
211 2431 394 2512 doymDic.
416 2434 516 2493 dcere.
531 2429 644 2493 leand.
664 2431 758 2491 Dion.
774 2439 827 2492 ete.
842 2434 884 2493 Et
896 2431 948 2492 hoc
958 2432 1048 2493 etium
1063 2430 1146 2496 licite

132 2515 200 2598 fieri
222 2526 335 2600 potest,
356 2526 392 2579 ut
411 2517 516 2578 dieunt
530 2514 625 2577 Scina.
649 2516 721 2578 ibid.
735 2518 768 2578 in
791 2516 924 2596 fimum
940 2520 1046 2597 Lcyne.
1072 2519 1144 2581 Dic.

132 2603 227 2664 Dion.
236 2603 347 2667 Leond.
357 2611 459 2667 contre
468 2605 550 2684 Luco
562 2646 570 2676 ‚
580 2611 608 2662 et
619 2597 691 2662 Sita.
700 2599 910 2682 dedfflieto.),u
921 2601 1008 2663 dard.
1020 2601 1146 2689 deduco

135 2712 148 2742 ι
172 2687 202 2750 d.
214 2691 242 2748 la.
255 2688 290 2750 de
304 2689 398 2751 Eued.
416 2708 449 2749 n.
463 2689 510 2750 56.
527 2687 564 2748 11.
582 2686 642 2748 Etsi
656 2695 760 2764 putet,
777 2706 885 2760 unam,
903 2689 951 2749 vel
974 2687 1065 2760 duas,
1094 2693 1145 2752 vei

133 2796 148 2825 a
170 2789 220 2831 sex
237 2772 345 2832 hostias
358 2773 566 2834 consecrandas
587 2771 710 2845 edesse,
735 2771 804 2832 euim
823 2774 883 2832 sint
906 2774 1021 2852 piures,
1043 2776 1106 2836 sive
1126 2775 1145 2837 d

133 2880 147 2909 n
170 2873 223 2927 se,
244 2856 305 2915 sive
320 2857 356 2916 ab
368 2857 426 2918 alio
440 2861 563 2934 positae,
581 2858 650 2933 quia
668 2874 752 2916 error
771 2858 982 2936 speculaturus,
998 2868 1028 2919 et
1047 2860 1147 2936 priva·

88 2982 92 2989 -
134 2965 147 2994 ι
172 2948 219 3001 tus
236 2958 296 3000 non
306 2940 402 3000 obstat
417 2941 575 3000 intentioni
590 2941 737 3018 practicae,
756 2950 786 3001 et
801 2942 942 3002 absolutae
954 2945 1145 3006 consecrandi

133 3049 147 3079 a
171 3042 273 3085 omnes
299 3033 477 3104 praesentes,
501 3042 589 3103 quam
620 3032 760 3102 tanquam
789 3026 922 3086 Ecclesiae
937 3028 1145 3088 consuetudini

135 3133 148 3164 a
172 3110 354 3174 conformem
371 3153 380 3184 ‚
402 3110 527 3189 quisque
542 3117 678 3170 censetur
692 3109 802 3172 nabere
820 3109 1025 3191 implicitd3ut
1038 3110 1148 3174 docent

161 3312 208 3372 (ijo
215 3311 296 3366 Quoad
307 3311 386 3369 'guttae
397 3307 443 3354 viai
455 3313 588 3368 reparatae,
599 3305 640 3353 sed
651 3307 714 3354 inter
723 3307 823 3354 culicem
833 3307 969 3360 exterentes.
980 3310 1013 3356 eit
1020 3310 1053 3356 La
1062 3310 1146 3368 Crede,

125 3371 146 3419 'e
163 3375 292 3437 expedire.
305 3382 333 3421 ut
342 3374 451 3421 sacerdon
463 3373 568 3418 intendet
579 3385 618 3417 aaa
629 3387 778 3428 consecrare,
790 3375 832 3419 aed
843 3374 924 3420 metiris
935 3375 991 3419 mihi
1000 3374 1108 3429 viderur,
1122 3377 1147 3422 id

133 3462 143 3482 ι
159 3441 283 3486 intendere
295 3439 325 3487 dc
345 3441 418 3498 garet·
437 3439 550 3500 proximis
566 3438 654 3494 funde,
675 3451 722 3484 nan
741 3440 797 3492 rere
817 3440 849 3485 de
866 3440 970 3486 remotio.
987 3457 999 3481 ι
1013 3439 1145 3499 Hamdp.

134 3507 246 3552 Boenmcn
257 3506 315 3552 Ord.
326 3517 351 3552 ta.
361 3505 400 3552 99.

725 3608 728 3611 ·
844 3600 912 3649 raa.
956 3563 960 3566 ’
