2450 3975
204 190 277 271 cap.
288 188 317 250 4.
332 184 740 251 44444444444444444444.
750 186 828 251 Dab.
843 186 947 250 44444.
964 187 995 251 4.
1055 189 1090 251 bi

89 288 190 368 44444.)
216 314 229 345 u
252 291 361 349 Putant
374 297 474 350 tamen
488 288 611 373 quidam
624 333 633 361 ,
645 288 670 348 ai
690 286 808 348 habitur
829 285 933 350 habbai
950 306 1011 351 non
1024 305 1103 368 pes·-

88 400 101 429 4
121 376 175 447 sit,
189 383 242 435 aut
254 374 294 434 sit
313 380 486 453 tempestas,
501 382 553 434 aut
570 374 630 433 iter
645 372 810 433 iaciendum
825 416 835 446 ,
853 390 916 435 non
931 372 996 437 sora
1015 375 1093 436 irre·

88 484 100 511 4
118 459 299 530 recentiam,
312 458 336 518 si
355 458 489 519 sacerdos
500 456 714 519 Eucharistiom
732 458 765 518 in
778 457 907 537 pyxide,
926 460 974 521 rei
985 476 1092 538 eorpo-

86 568 98 597 4
118 546 169 603 rati
200 544 368 603 involutam
395 544 427 603 in
453 544 521 605 sinu
556 559 610 603 suo
631 544 706 605 elom
728 543 957 617 deterrueruut
982 545 1091 606 certius

86 652 97 681 4
119 629 238 688 videtur
265 628 357 689 liabrc
381 628 413 688 in
432 628 504 688 locis
523 626 689 700 haereticis,
713 628 765 690 ubi
794 628 885 689 ctiam
902 631 1090 701 necessitate,

84 736 96 765 4
117 720 145 773 44
162 712 262 799 eiam,
276 712 400 790 praeciso
425 712 581 784 scandalo,
606 713 716 791 poterit
734 713 888 792 porrigere
905 713 971 774 sine
992 713 1089 785 atala,

84 822 96 852 4
117 806 145 857 44
168 797 383 877 superpelliceo
402 818 410 856 ε
429 799 484 859 etsi
511 797 701 867 nullomodo
730 797 941 859 celebrandum
968 798 1008 859 ait
1027 798 1092 859 eina

84 904 95 935 4
116 883 246 943 vectibus
257 882 347 942 sacris
367 882 406 943 ob
418 883 565 943 Viatieum
579 880 722 943 dandum.
736 883 815 943 1444.
833 880 864 942 d.
877 884 907 943 4.
918 899 949 964 q.
972 884 1001 943 b.
1014 899 1048 963 p.
1059 885 1089 944 4.

115 967 285 1028 biinistrare
308 965 521 1029 Eucharistiam
534 967 598 1029 sine
615 968 749 1037 lumina,
763 966 891 1029 attolite
911 968 1092 1029 consessione

83 1060 234 1129 reputatur
247 1049 365 1111 tantiam
383 1052 518 1123 veniale,
533 1048 577 1112 uti
593 1069 702 1113 comm.
719 1052 821 1112 dieunt
842 1054 931 1113 Suer.
950 1048 1022 1113 diet.
1040 1054 1089 1113 74.

82 1144 141 1195 eect.
156 1138 187 1195 4.
199 1154 231 1197 4.
250 1136 367 1213 Tertib,
382 1138 472 1199 44444.
486 1155 552 1218 cop.
564 1138 594 1198 4.
605 1155 636 1217 q.
648 1138 679 1197 5.
689 1154 717 1197 r.
733 1138 765 1197 4.
782 1136 987 1212 4444044444,
1000 1136 1091 1199 Crosa

83 1236 112 1277 e.
129 1220 198 1281 489.
215 1238 285 1281 eam
308 1220 381 1283 Gob.
396 1228 426 1285 ct
441 1219 534 1283 84444.
548 1218 584 1281 da
603 1218 700 1295 Eueb.
719 1238 744 1282 4.
758 1221 788 1281 9.
800 1237 832 1299 p.
850 1224 881 1280 4.
902 1238 936 1279 a.
951 1223 1000 1283 44.
1024 1238 1092 1283 caat

81 1300 145 1365 titt
158 1305 256 1367 Grau.
274 1312 303 1365 et
319 1307 393 1385 naq.
409 1324 443 1367 aa
455 1306 560 1367 44444.
581 1312 603 1364 4.
618 1306 648 1365 5.
673 1322 707 1364 a.
724 1306 793 1365 454.
808 1302 842 1364 in
856 1302 913 1381 444.
927 1322 995 1365 cum
1011 1322 1093 1384 com·

81 1392 158 1451 muni
178 1399 215 1452 nt
231 1390 346 1451 asserit.
366 1391 536 1455 Ministrara
554 1398 654 1451 eutem
679 1390 745 1450 aine
775 1390 869 1463 stola,
888 1396 920 1450 44
941 1392 1094 1470 superpet-

82 1472 168 1549 licao,
192 1493 306 1537 comm.
325 1482 446 1536 censent
465 1478 532 1536 DD.
555 1492 617 1537 asse
633 1475 758 1537 mortale
777 1493 815 1535 cx
832 1491 941 1555 genere
957 1492 1036 1551 auo,
1058 1485 1093 1539 ut

80 1558 165 1619 Suor.
180 1566 211 1622 at
221 1562 315 1623 44444.
333 1556 366 1620 bb.
391 1577 432 1621 ee.
447 1578 482 1622 oo
497 1556 568 1621 Fitt.
582 1578 608 1621 o.
622 1561 653 1621 9.
665 1578 750 1623 nam.
764 1561 834 1621 470.
854 1559 967 1621 0444444
992 1570 1094 1623 umen

82 1643 192 1707 tantbm
213 1646 310 1718 stoit,
343 1645 532 1707 dicit-Boeo.
565 1645 701 1725 pluribus
726 1645 822 1707 videri
848 1643 947 1705 aolbm
966 1645 1091 1707 44444414.

83 1726 183 1791 44444444
206 1737 307 1789 autem
325 1731 358 1791 444
373 1731 545 1791 necessitate
566 1732 654 1791 444444
676 1729 845 1790 ministrare
856 1728 1005 1789 viaticum
1028 1730 1094 1791 eino

81 1810 209 1891 iumine,
225 1823 254 1875 ct
273 1815 403 1876 vestibus
425 1816 539 1877 sacris?
554 1818 648 1893 Negat
660 1816 740 1876 Bon.
756 1832 787 1895 q.
799 1816 829 1873 b.
845 1831 879 1894 p.
889 1815 922 1875 4.’
937 1830 969 1873 a.
981 1814 1093 1877 8.,44444

81 1894 199 1974 sylvest.
218 1908 249 1961 ct
265 1901 398 1971 Possem,
412 1900 482 1977 quia
495 1900 541 1980 (ut
559 1898 611 1977 ait)
636 1907 754 1977 praestat
772 1898 874 1977 putida
896 1900 1093 1961 reverentiam

81 1984 185 2044 servari
199 1992 284 2046 tanto
295 1991 496 2058 armamento,
515 1982 604 2063 qubm
619 1983 775 2046 infirmum
796 1983 1092 2047 communicarent

83 2067 265 2133 communius
281 2076 325 2129 et,
338 2069 623 2148 satistprobabilitcr
638 2068 787 2130 affirmant
801 2067 890 2148 Greia
904 2111 914 2139 ,
935 2077 965 2130 et
979 2072 1091 2131 Meae.

82 2143 111 2207 44.
129 2169 167 2212 44.
187 2151 295 2216 Gobat.
319 2160 358 2214 tr.
372 2155 404 2214 4.
420 2173 454 2215 at.
469 2155 539 2216 447.
551 2151 621 2216 Etb.
638 2161 661 2214 4.
683 2154 714 2213 5.
731 2171 764 2233 p.
776 2153 826 2216 85.
837 2171 870 2212 n.
887 2153 937 2214 65.
953 2157 1091 2217 4444444.

83 2249 110 2309 q.
121 2237 167 2298 tt.
187 2255 258 2299 oum
269 2233 340 2300 Fttt.
360 2241 462 2300 44444.
478 2239 573 2300 44444.
587 2246 640 2300 444.
654 2237 739 2297 Ratio
750 2281 760 2311 ,
772 2238 918 2316 quianon
931 2237 1093 2302 rationabi-

81 2315 145 2379 liter
164 2321 359 2398 prtasumitur
382 2321 464 2401 qubd
477 2321 640 2398 4414444444,
661 2323 715 2400 qui
734 2321 793 2382 4444
815 2330 1032 2384 sacramentum
1054 2322 1093 2385 ad

23 2449 26 2456 .
82 2403 240 2466 subsidium
266 2405 434 2468 animarum
453 2407 602 2476 instituit,
621 2416 652 2468 et
674 2407 801 2468 Ecclesia
811 2423 901 2485 ,quae
923 2414 984 2468 tam
1007 2406 1094 2470 4444-

83 2501 134 2563 gna
161 2498 208 2552 est
227 2499 343 2564 mater,
366 2491 517 2552 voluerint
537 2491 734 2552 moribundos
757 2491 935 2556 4444444444
962 2493 1091 2567 privari,

83 2586 116 2630 na
137 2575 316 2654 praescriptae
339 2577 521 2638 caeremoniae
551 2578 738 2637 omittantur.
770 2575 893 2636 Descrre
909 2584 1012 2660 antem
1034 2577 1094 2634 Eu·

84 2653 246 2721 charistiam
274 2659 312 2719 ad
333 2659 414 2722 aiiud
432 2661 526 2722 altore
545 2661 609 2722 sina
627 2660 759 2720 vestibus
779 2658 890 2729 444444,
910 2655 983 2720 dicit
1004 2657 1093 2720 Graia

85 2735 105 2798 t.
119 2759 143 2802 c.
157 2762 225 2805 cunt
244 2744 349 2806 144444
360 2789 368 2820 ,
381 2753 411 2806 44
429 2765 535 2808 caeam.
549 2790 557 2817 ‚
571 2762 632 2805 nou
644 2744 784 2805 excedere
795 2750 953 2822 ‘paccatum
967 2744 1091 2808 veniale.

84 2823 180 2890 Censet
190 2829 281 2890 ctiam
292 2831 386 2911 Poaq.
398 2829 481 2912 apud
492 2831 581 2893 droia
601 2847 634 2889 4.
647 2829 716 2889 tte.
730 2827 811 2907 qudd
824 2829 984 2907 Episcopus
997 2837 1093 2909 potest

83 2907 267 2989 dispensare,
293 2922 328 2975 44
356 2917 505 2978 deseratur
522 2915 671 2978 viaticum
702 2934 771 2976 eum
798 2915 959 2995 pileatum
989 2917 1091 2990 vittis,

84 3002 110 3053 ct
128 2999 219 3078 pagis.

116 3083 184 3146 444.
201 3117 239 3130 -
257 3109 270 3140 a
296 3087 327 3148 4.
347 3087 469 3147 Praestat
490 3103 602 3164 ugrum
631 3104 694 3148 aon
719 3088 969 3149 communicatum
990 3084 1092 3158 mari,

85 3185 97 3216 4
117 3168 204 3244 quim
219 3171 403 3232 sacerdotem
423 3173 456 3233 ia
472 3169 575 3231 habitu
592 3189 661 3232 cum
680 3179 862 3234 sacramento
873 3189 927 3250 per
940 3167 1095 3247 publicum

84 3267 97 3300 n
117 3269 235 3316 currere
258 3255 324 3335 (atsi
342 3255 479 3316 festinare
496 3256 581 3317 valde
606 3256 732 3329 debeat,
749 3267 784 3318 ut
805 3257 879 3317 dicit
898 3253 1003 3327 Quint.
1022 3258 1047 3311 4.
1060 3253 1091 3312 4.

85 3353 97 3383 a
116 3351 140 3395 a.
161 3337 206 3416 8.)
225 3363 239 3392 a
260 3335 329 3417 (Sed
345 3336 497 3420 probabile
514 3347 557 3400 444
569 3357 655 3420 pocae
673 3339 739 3402 4444
763 3335 955 3400 irreverentia
978 3353 1093 3397 4444444

84 3413 114 3478 in
128 3422 298 3484 rnecessitate
314 3467 324 3496 ,
345 3431 381 3484 44
399 3423 490 3486 crocu
505 3441 539 3484 4.
552 3425 622 3486 644.
632 3443 699 3486 eum
711 3422 784 3486 Gob.
803 3421 986 3484 itemeoutro
996 3417 1092 3481 84444.

85 3497 115 3560 de
130 3504 224 3567 Eaeb.
242 3525 272 3567 o..
282 3507 311 3566 9.
326 3525 358 3588 p.
377 3508 407 3567 4.
422 3525 455 3567 a.
469 3509 518 3570 45.
533 3525 600 3568 oum
614 3506 707 3586 1444).
733 3533 746 3560 ιι
766 3505 856 3568 Sectis
867 3515 913 3568 est
933 3506 966 3564 in
981 3505 1093 3584 baptis·

87 3604 98 3636 ¹
119 3599 227 3668 mo,‚.et
240 3593 415 3673 poenitentia
427 3636 436 3669 ,
448 3595 472 3654 si
489 3592 685 3672 probabiliter
705 3592 885 3667 timeretur,
906 3609 945 3652 oe
964 3597 1093 3671 egrotus
