2450 3975
114 169 179 273 'lat
351 166 458 231 tila.
475 167 616 228 Tract'o'.
633 157 892 228 DeEtseiaorislia.

120 293 136 324 a
158 269 350 332 docetGron.
363 264 448 349 opud
461 268 555 330 Dian.
574 264 596 327 1.
610 285 637 328 e.
658 275 761 329 canna
778 267 849 328 Con.
870 273 899 328 et
915 267 987 328 Tor.
1011 290 1025 320 n
1048 263 1132 344 [land

119 352 361 436 opprolattopa
379 354 410 415 d.
430 354 479 414 10.
499 373 532 414 n.
549 350 613 429 86.)
637 377 651 406 ιι
671 352 722 431 qui
743 353 798 414 sall
812 354 897 430 Papae
915 367 979 411 cam
993 367 1132 410 resmva·

118 462 134 492 ι
156 447 219 498 mm
240 439 364 509 volant,
379 447 414 499 nt
425 439 515 498 etiam
535 437 629 498 Dian.
643 453 675 516 p.
696 437 809 499 9.1.1.
828 452 854 497 r.
868 437 917 496 19.
934 435 986 495 abi
1005 434 1132 495 adducit

117 545 133 578 ιι
156 521 388 584 declarationem
401 521 601 583 Cardiaalium
614 565 623 592 ‚
636 521 693 600 qud
708 519 853 599 jubentur
863 519 997 598 Episcopi
1009 518 1039 580 id
1053 537 1130 598 pro·

116 630 132 662 ιι
155 603 294 668 hibere.»
308 602 404 687 (Etde
416 605 469 667 lace
481 625 542 667 nan
555 603 673 666 videtne
684 601 899 676 dubitandam,
910 611 944 663 nt
959 621 1029 664 neos
1044 600 1125 664 dice·

115 708 185 752 nans
203 709 288 753 naen.
312 707 372 772 sep.
400 707 437 751 ea
451 689 643 768 Tridentino,
655 687 708 751 nli
720 688 842 751 mnnind
859 687 984 784 actitant·
997 695 1040 750 est
1054 687 1129 767 Epi·

117 771 822 921 mittitettts'tttttlts
836 767 1128 938 tt‘tttttt‘t

116 942 234 1006 obtenta
251 945 272 1004 d
290 940 434 1022 Pontifice
452 940 537 1007 lictre
556 939 697 1005 celebrari
712 940 748 1003 in
770 941 874 1014 mori,
894 959 957 1003 non
977 937 1072 1003 solon
1090 939 1127 1004 od

115 1024 429 1090 monosticon
445 1030 535 1092 VIII.
545 1035 576 1090 et
588 1024 684 1090 Poali
697 1027 733 1089 V.
745 1028 898 1109 ntsnpsd,
914 1024 967 1088 ssd
981 1025 1071 1086 etiam
1089 1023 1126 1089 od

115 1108 272 1172 indultum
302 1111 457 1176 Canentis
478 1115 539 1176 XI.
562 1119 599 1174 at
614 1109 749 1191 resonat
766 1115 842 1173 Ben.
867 1111 957 1175 Xll'.
982 1109 1018 1172 de
1041 1111 1124 1172 Sacc.

115 1195 202 1259 Miss.
215 1194 237 1258 l.
258 1198 288 1259 t.
307 1217 332 1260 a.
354 1203 384 1260 6.
399 1205 429 1260 et
444 1199 528 1260 Cant.
546 1202 658 1260 Tenen.
674 1215 740 1278 cap.
755 1199 784 1257 9.
796 1204 863 1258 seat.
883 1199 911 1256 6.
926 1213 955 1256 a.
972 1197 1073 1272 Quor.
1095 1198 1125 1258 1.

116 1278 151 1342 in
165 1279 223 1362 fin.
242 1299 302 1362 qno
323 1303 488 1346 concessam
503 1281 737 1364 fnitEqnitibas
755 1278 1032 1360 Hierosolymitanis
1044 1299 1127 1343 anno

118 1366 205 1426 1706.
229 1364 372 1428 celebrare
393 1369 428 1428 in
441 1369 522 1428 mori
535 1409 544 1438 ‚
559 1364 617 1427 tac
634 1375 732 1427 tanen
745 1364 823 1448 ispe,
843 1369 872 1426 l.
886 1374 924 1426 at
943 1363 1024 1427 adsit
1037 1361 1129 1444 lonpa

115 1448 263 1513 distantia
278 1450 406 1514 dlittare
415 1476 428 1530 ,-
446 1455 476 1513 E.
488 1459 613 1512 cataroae
632 1453 671 1511 sit
681 1447 897 1534 tranquillam
913 1451 942 1510 5.
957 1458 994 1512 nt
1004 1448 1128 1512 assistat

117 1530 197 1595 alins
213 1534 347 1598 sacerdos
361 1580 371 1608 ,
384 1533 432 1597 cel
446 1535 606 1609 diaeonus,
628 1535 683 1615 qni
691 1582 701 1612 ,
713 1537 741 1599 si
752 1538 820 1616 qais
838 1535 1125 1610 concitatissimos,

116 1614 235 1681 calicem
247 1619 372 1701 fiscanne
387 1619 505 1699 nasot).

162 1761 177 1791 c
196 1739 342 1803 Secundo.
357 1742 401 1804 Ex
417 1738 634 1819 dispensatione
653 1737 884 1818 Episcoporum,
900 1737 940 1797 ab
965 1738 1128 1800 rationabi-

116 1846 133 1878 ιι
157 1823 216 1884 lem
229 1843 367 1895 cauam,
383 1827 439 1888 etsi
462 1827 496 1888 in
516 1823 598 1886 Trid.
612 1841 682 1888 sess.
705 1826 755 1885 22.
780 1823 810 1884 id
831 1823 1004 1902 permittere
1023 1821 1129 1903 prohi-

119 1931 133 1961 ·
156 1906 303 1979 beantur,
326 1910 383 1970 nisi
397 1928 434 1970 ex
447 1909 527 1987 justa
552 1929 658 1980 eausa,
682 1909 714 1970 ia
732 1910 868 1970 oratoriis
888 1907 1008 1989 privatis
1023 1907 1127 1971 divino

117 2016 133 2047 ιι
155 1992 248 2053 cultui
267 1994 445 2066 destinatis,
465 1994 534 2055 licdt
551 2014 612 2056 non
632 1995 806 2057 benedictis.
820 1992 932 2056 Variam
948 1993 1037 2055 etiam
1048 1992 1128 2057 hanc

116 2100 132 2133 ιι
155 2076 1125 2159 potestatemillisnancesseademptam,dceant(loa.l.c.ctDian.

116 2186 132 2216 ιι
152 2180 186 2242 p.
202 2162 233 2221 9.
245 2170 269 2222 ι.
284 2164 315 2223 9.
328 2179 406 2243 resp.
420 2165 485 2235 tt,
505 2182 540 2223 ea
561 2172 661 2225 maren
675 2181 735 2226 nan
749 2165 906 2235 obstante,
929 2180 1012 2241 passe
1023 2180 1073 2225 aas
1093 2166 1126 2229 ia

116 2272 132 2301 ι
154 2247 255 2325 aliquo
276 2265 344 2307 casu
361 2248 531 2326 particulari
547 2266 583 2309 ex
595 2246 673 2327 justa
686 2267 771 2309 eausa
792 2250 964 2328 permittere
977 2290 986 2319 ,
997 2256 1035 2308 at
1048 2248 1126 2309 eele-

116 2354 132 2385 s
154 2332 258 2393 beetur
270 2342 352 2393 extra
365 2334 536 2407 Ecclesiam,
547 2335 579 2394 in
589 2336 673 2396 altari
686 2336 817 2413 portatili
829 2379 836 2407 ‚
847 2334 931 2395 docet
940 2333 1019 2395 idem
1027 2332 1124 2397 Dian.

115 2442 132 2473 ιι
154 2417 178 2479 1.
191 2437 218 2479 c.
243 2420 331 2480 nid.
347 2436 385 2481 es
406 2420 525 2484 Marcis.
541 2422 631 2484 Gara.
653 2422 745 2483 Harl.
767 2422 800 2483 C.
821 2419 857 2482 de
876 2422 976 2501 Lapa,
992 2419 1123 2495 Averso,

117 2526 131 2559 ι
153 2504 330 2567 Pescen.

154 2630 224 2689 557.
237 2628 434 2703 -Quaeritar
448 2673 457 2704 ,
471 2628 622 2707 inquibus
640 2628 776 2691 aratoriis
786 2627 919 2707 Episcopi
928 2625 1041 2705 possint
1053 2626 1127 2689 darc

116 2713 265 2774 licentiam
280 2712 563 2774 celebrandi?01im
573 2714 707 2792 Episcopi
726 2721 862 2791 poterant
882 2710 958 2771 hanc
975 2712 1126 2775 licentiam

116 2796 226 2874 abique
234 2796 383 2873 impertiri
397 2816 432 2857 ex
442 2817 510 2859 can.
522 2799 743 2859 Missarnncli.
758 2797 792 2858 dc
808 2810 931 2857 consecr.
945 2795 1015 2857 dist.
1030 2799 1061 2859 l.
1071 2796 1125 2859 abi

115 2880 261 2943 habetur:
276 2879 442 2941 Missornm
452 2880 595 2943 solemnia
607 2901 668 2945 noa
681 2882 804 2961 aliane,
822 2879 913 2942 sedin
923 2877 992 2940 loeis
1004 2880 1042 2943 ab
1051 2882 1129 2963 Epi-

115 2982 201 3048 scopo
220 2965 412 3041 eonsecratis,
436 2964 483 3024 oei
496 2964 550 3027 nli
568 2968 632 3045 ipse
651 2964 836 3048 permiserit,
860 2962 1032 3025 celebrando
1063 2984 1128 3031 esse

115 3064 271 3114 censerant.
285 3045 397 3111 Veniam
418 3047 481 3109 lime
501 3050 622 3111 facultas
639 3052 776 3129 adempta
801 3050 858 3110 fait
879 3048 1028 3127 Episcopis
1044 3050 1125 3115 ciras

116 3138 220 3199 damas
236 3133 363 3215 privatas
376 3132 505 3194 ex'l'rid.
524 3152 593 3196 sess.
611 3138 661 3196 92.
680 3136 713 3197 in
732 3138 854 3197 Decreta
867 3134 900 3197 de
916 3130 1015 3197 celebr.
1037 3135 1122 3199 miss.
1223 3147 1224 3151 ’

116 3222 167 3281 ubi
182 3222 223 3281 sic
234 3220 346 3283 dictum
364 3219 439 3279 luit:
452 3220 499 3281 Ne
511 3218 666 3301 patiatur,
675 3220 804 3303 privatis
821 3220 854 3281 in
867 3218 1017 3297 domibus,
1034 3227 1125 3301 atpac

47 3375 51 3381 .
116 3304 238 3365 amnind
263 3311 349 3365 satra
375 3297 558 3377 Ecclesiam,
583 3312 613 3366 et
647 3304 689 3368 od
709 3304 845 3369 divinam
870 3303 988 3367 tantine
1011 3302 1124 3367 enitens

116 3383 251 3447 dedicata
272 3388 422 3462 oratoria,
443 3386 480 3451 ab
497 3388 604 3453 eisdem
622 3390 791 3455 ordinariis
811 3388 994 3475 desipnantio
1011 3395 1039 3453 el
1051 3388 1123 3450 oisi-

118 3462 377 3557 cenomannum
400 3472 644 3556 laocsaerificiuta
658 3476 893 3554 dsaeaaiaribns,
904 3482 959 3539 ant
978 3472 1123 3556 repuleri-

116 3536 169 3595 bus
184 3546 411 3634 quibuscumque
420 3560 537 3639 peragi,
1098 3580 1100 3587 v
