2450 3975
125 180 183 243 ill
366 174 428 237 uit.
443 176 474 237 6.
490 176 588 237 Tuast.
603 174 633 235 i.
648 175 692 236 ue
700 172 883 255 poeuiturtiu.

125 276 224 343 Curia!
236 275 342 358 partim
357 284 453 339 tutum
469 276 501 337 in
513 275 587 347 lide,
602 275 652 336 alii
668 273 739 336 vero
750 276 952 347 temerariam,
965 284 996 336 ct
1007 278 1126 340 wanda·

121 363 213 425 losum
226 384 234 422 c
247 362 434 423 temerariam
444 404 453 435 ,
463 361 533 440 quia
549 360 581 421 in
599 378 633 422 re
646 360 816 439 gravissima
828 360 952 422 discedit
967 362 1006 422 ab
1029 364 1127 424 omni-

121 447 176 511 bus
195 444 360 525 theologis,
379 454 410 507 et
427 445 578 509 communi
592 462 680 505 sensu
701 444 754 504 SS.
767 446 887 506 Patrum
905 465 914 504 ι
929 447 1126 509 scandalorum

120 531 213 609 verd,
228 533 297 611 quia
310 538 443 592 removet
454 528 587 591 homines
598 528 614 590 l
626 527 731 606 soepids
743 531 923 607 procuranda
937 532 1124 594 contritione.

26 620 30 629 ’
121 618 158 679 Et
176 615 244 680 ideo
265 624 388 677 testatur
405 616 499 676 Gouct
509 612 539 674 d.
555 615 583 674 5.
597 632 630 673 u.
644 615 693 674 27.
709 612 789 691 qudd
803 611 940 694 Sylvius,
959 615 1028 677 licit
1044 618 1127 697 priris

121 701 285 783 oppositam
295 700 468 761 sententiam
482 699 715 768 tutatusluisset‚
729 706 828 776 postea
840 708 938 760 tarum
951 718 982 760 se
991 708 1127 763 retracta·

120 786 164 846 ait
177 806 186 845 a
199 786 246 846 Ed
260 782 339 864 qudd
356 784 406 862 (ait
421 781 526 861 (louet)
543 780 727 863 apertissime
746 778 817 843 tatis
843 783 987 844 scutcutio
1009 793 1127 846 coutro-

121 868 201 933 dicct
211 867 307 931 uariis
318 865 495 949 Scriptum,
515 874 542 927 et
558 864 768 941 conciliorum,
784 884 820 927 cc
838 868 892 929 SS.
902 871 1030 930 Petrum
1047 868 1126 931 testi-

119 975 240 1019 mauvis.

159 1040 310 1119 Objiciunt
322 1046 421 1100 autem
432 1038 456 1099 1.
468 1045 568 1099 contra
582 1046 711 1097 nostram
722 1038 896 1099 sententiam
906 1039 943 1099 dc
953 1039 1127 1104 sufficientia

120 1126 297 1187 attritionis:
314 1126 450 1185 Peccator
468 1120 611 1183 aversusd
630 1123 692 1182 Deo
710 1140 770 1183 non
787 1132 884 1201 potest
894 1124 931 1183 ad
942 1127 1040 1186 Deum
1057 1146 1127 1189 con·
1222 1195 1223 1198 Ἴ

120 1211 216 1284 verti,
234 1209 290 1270 nisi
307 1227 361 1289 per
378 1207 550 1269 charitatem
572 1206 744 1281 formalem,
767 1217 798 1267 et
818 1210 972 1268 actualem.
995 1211 1127 1290 Respon·
1222 1233 1223 1236 ¹

120 1297 208 1358 detur
220 1317 230 1356 a
243 1296 304 1356 lloc
319 1294 466 1373 siquidem
487 1290 651 1370 requiritur
662 1300 743 1351 extra
763 1303 978 1358 sacramentum
991 1338 1000 1368 ,
1012 1306 1042 1358 et
1051 1298 1128 1359 ratio

121 1390 182 1452 cst,
202 1382 270 1459 quia
292 1380 368 1439 sieut
381 1396 435 1456 ρει
446 1386 595 1455 peccatum
610 1420 619 1447 ,
633 1375 713 1452 quod
733 1384 778 1436 est
802 1377 922 1437 actualis
944 1384 1129 1459 contemptus

120 1466 173 1525 Dei
184 1508 192 1537 ‚
205 1463 294 1524 homo
310 1461 454 1521 avertitur
467 1458 483 1521 a
496 1462 573 1532 Deo,
596 1460 637 1521 itu
659 1478 713 1537 per
731 1480 862 1522 amorem
877 1464 1020 1523 actualem
1040 1464 1129 1526 debet

119 1566 150 1609 se
162 1549 199 1609 ad
211 1550 307 1608 Deum
322 1554 503 1607 convertere.
518 1543 605 1604 Aliud
620 1544 692 1606 vcrd
711 1545 870 1608 dicendum
894 1547 932 1609 de
956 1549 1129 1611 remissione

119 1642 306 1712 peccatorum
335 1632 413 1691 intra
435 1637 669 1701 sacramentum,
699 1630 790 1707 quia,
816 1631 884 1693 ciam
912 1643 1130 1697 sacramentum

120 1720 263 1780 virtutem
281 1716 386 1777 habeat
401 1712 518 1775 delendi
528 1722 679 1793 peccatum
689 1758 697 1785 ,
709 1722 739 1774 et
755 1716 871 1776 nonnisi
883 1734 936 1796 per
950 1717 1128 1779 inuisiorem

120 1803 239 1882 gratim
251 1820 318 1880 quae
339 1808 383 1863 cst
404 1799 467 1879 ipsa
480 1797 607 1859 charitas
628 1798 805 1873 habitualis,
824 1801 932 1861 sufficit
947 1802 984 1861 ad
1003 1802 1129 1880 gratiam

120 1886 334 1957 obtinendam,
361 1892 392 1943 ut
406 1891 541 1962 peccator
560 1900 613 1961 per
636 1884 816 1944 attritionem
844 1884 883 1944 sit
914 1884 1072 1964 dispositus
1088 1884 1129 1945 ad

120 1976 336 2030 sacramentum
351 1966 577 2046 recipiendum,
599 1968 711 2029 virtute
735 1968 817 2047 cujus
833 1968 898 2032 sinc
917 1968 1059 2030 charitate
1080 1989 1129 2030 ao-

119 2053 192 2114 tuali
202 2052 386 2112 convertitur
398 2051 436 2110 ad
448 2053 561 2125 Deum,
572 2061 662 2130 prout
675 2061 757 2113 extra
766 2063 979 2116 sacramentum
992 2071 1046 2133 per
1059 2054 1131 2115 cha-

118 2139 236 2200 ritatem
250 2143 482 2198 converteretur.
494 2138 529 2196 Et
548 2138 589 2196 sic
604 2139 804 2216 intelligitur,
825 2139 975 2217 quomodo
992 2149 1131 2218 peccator

119 2242 155 2286 en
169 2226 271 2285 attrito
290 2224 325 2284 lit
340 2221 484 2284 contritus
497 2265 505 2295 ‚
520 2239 629 2300 nempe
644 2223 713 2301 quia
733 2223 843 2284 virtute
857 2223 982 2284 clavium
997 2227 1131 2303 aequiva-

119 2309 214 2371 lenter
230 2309 374 2372 contritus
395 2305 551 2382 redditur,
567 2316 656 2387 prout
671 2307 774 2367 dicunt
790 2310 917 2369 lautores
932 2318 1039 2370 nostrae
1059 2329 1132 2371 sen·

118 2397 219 2458 tentiae
236 2393 450 2465 communiter,
472 2410 507 2453 ex
530 2395 570 2454 D.
594 2391 706 2453 Thoana
727 2391 761 2452 iu
775 2395 824 2454 cit.
847 2391 982 2468 Quodtit.
1002 2395 1032 2454 l.
1048 2413 1079 2454 u.
1095 2398 1129 2457 l.

118 2481 170 2542 ubi
186 2479 285 2541 docuit
299 2499 307 2538 c
319 2475 424 2556 Aliqui
433 2495 494 2537 ucu
506 2474 633 2559 perfecti
646 2474 765 2539 coactriti
781 2477 891 2539 uirtute
912 2475 1039 2538 clunium
1054 2499 1131 2558 pru-

117 2564 190 2626 tiam
207 2562 390 2626 contritionis
405 2568 635 2640 consequuntur.

158 2649 309 2727 Objipinnt
322 2649 359 2707 ll.
375 2645 432 2720 Qui
445 2646 525 2709 dolet
546 2646 583 2707 de
601 2656 718 2726 peccato
743 2655 866 2726 propter
885 2665 1020 2726 poenam,
1033 2651 1132 2727 magis

119 2733 182 2794 odit
193 2750 310 2810 poenam
323 2748 412 2808 quam
425 2739 575 2810 peceatum
588 2752 598 2806 ς
612 2731 693 2792 unde
711 2730 734 2790 si
753 2749 811 2790 non
834 2729 939 2794 habeat
953 2730 1131 2796 charitatem

119 2835 179 2878 non
196 2821 292 2893 potest
304 2815 357 2872 Dei
370 2815 495 2892 gratiam
518 2814 648 2892 adipisci.
667 2815 871 2894 Respondetur
890 2815 1098 2894 distinguendo
1117 2841 1128 2878 a

119 2901 176 2976 Qui
190 2907 255 2960 actu
267 2899 358 2976 magis
370 2898 478 2958 odisset
500 2916 620 2978 poenam
633 2899 722 2974 quam
740 2901 856 2978 culpam
870 2943 878 2972 ,
891 2919 926 2960 ex
944 2901 1050 2960 timore
1074 2905 1130 2981 qui

118 2989 227 3049 dicitur
250 2984 395 3044 serviliter
411 2983 544 3054 servilis,
561 2983 634 3045 aded
656 2994 688 3043 ut
706 2986 755 3044 ille
767 3003 885 3063 peccare
899 2985 1005 3060 vellet,
1020 2988 1044 3047 si
1065 3007 1132 3052 non

119 3080 193 3133 esset
205 3069 290 3150 prend
307 3067 493 3148 puniendus3
508 3066 557 3127 hic
570 3083 631 3127 non
644 3066 741 3128 soliam
756 3089 815 3130 non
833 3069 951 3130 eliceret
964 3079 1061 3131 actum
1073 3073 1132 3134 bo·
1222 3142 1223 3147 η

119 3174 191 3218 num
202 3201 212 3232 ,
224 3153 275 3214 sed
289 3149 411 3232 positivi
429 3151 561 3222 malum,
579 3151 649 3229 quia
669 3170 730 3212 non
745 3153 913 3215 excluderet
929 3151 1013 3215 tsuo
1024 3157 1133 3219 dolore

117 3243 299 3303 voluntatem
319 3234 466 3316 peccandi.
479 3235 536 3308 Qui
554 3234 626 3297 vero
643 3235 706 3296 odit
718 3239 834 3318 culpam
846 3247 967 3318 propter
986 3257 1129 3318 paenam,

118 3335 148 3382 et
163 3321 343 3382 excludendo
356 3320 477 3381 omnind
491 3319 674 3382 voluntatem
692 3323 830 3400 peccandi
841 3367 851 3395 ,
863 3323 944 3384 dolet
969 3323 1133 3387 offendisse

117 3405 212 3462 Deum
237 3412 359 3482 propter
378 3413 490 3464 metum
506 3404 613 3464 inferni
626 3448 635 3477 ,
649 3406 704 3466 iste
721 3406 783 3483 jam
798 3407 878 3467 elicit
893 3417 992 3467 actum
1010 3407 1133 3472 bonnm

117 3483 167 3554 qui
181 3486 277 3544 oritur
298 3505 333 3544 ea
352 3485 494 3547 charitate
509 3489 641 3548 ordinata
662 3507 730 3566 erga
750 3491 877 3568 seipsum
902 3489 948 3566 (ut
966 3489 1132 3556 declaravit

116 3559 323 3626 Tridentinum
333 3611 341 3639 ,
353 3578 383 3628 ct
392 3571 751 3633 confirmavitrllcuuuder
761 3574 848 3635 VIII.
858 3573 1026 3638 destinando
1035 3595 1130 3656 prop.
