2450 3975
97 172 100 181 ⁴
119 168 178 231 552
356 165 423 231 lib.
438 170 469 233 s.
488 169 585 231 Troos.
597 168 628 229 l.
641 169 687 231 lle
695 166 880 251 perstiteritis.

120 275 195 332 coto.
212 270 356 333 Preterea
367 314 376 344 ,
389 268 458 333 oum
480 287 587 349 pravus
608 267 727 331 babitus
741 270 780 330 sit
796 269 869 348 quid
889 269 1080 331 intrinsecum
1094 275 1124 330 et
1208 279 1209 322 ἒ

120 352 316 433 inseparabile
338 352 356 417 l
384 372 530 433 persono,
559 353 717 433 extirpetis
742 350 862 414 babitus
891 352 991 415 minuis
1008 398 1018 428 ‚
1038 352 1123 433 qulrn

120 439 245 499 remotio
258 438 434 511 occasionis,
448 435 556 519 pendet
570 436 717 517 ipropria
729 438 899 514 voluntate3
914 447 945 499 et
955 438 1023 499 ideo
1036 438 1125 517 magis

119 522 317 601 sperandum,
338 524 420 597 sore,
442 532 477 584 ut
499 523 578 582 Deus
603 522 712 583 bonam
733 522 917 584 uoluntatem
941 540 994 603 per
1016 522 1124 600 majora

120 607 229 668 auxilie
248 606 368 688 adjuvet
389 607 426 668 ad
444 605 702 687 perseverandum.
713 606 765 666 llis
783 605 906 687 positis,
925 607 1126 686 imprudenter

102 760 108 779 .
120 693 180 771 agit
192 694 383 755 confessarius
395 735 404 765 ‚
421 692 445 753 si
455 690 581 752 absolvit
600 710 670 753 eum
686 691 738 771 qui
751 700 796 752 est
810 691 842 751 in
855 692 1004 753 occasione
1016 694 1126 753 extrin-

120 792 202 849 seoa,
215 777 319 838 saltem
335 784 492 854 antequam
505 775 677 853 experiatur
688 773 768 854 qnbd
785 776 834 836 ille
846 776 1007 855 perfugam
1024 776 1127 837 reddat

121 860 285 939 pniuulum
301 867 470 936 remotum3
490 876 559 919 nom
586 856 656 918 alils
674 860 744 919 eum
762 859 905 938 relinquit
927 860 958 919 in
982 860 1126 937 probabili

120 945 250 1023 periculo
264 943 442 1023 infringendi
456 942 641 1023 propositum
653 987 661 1013 ‚
672 940 708 1003 eb
719 942 799 1020 quod
819 941 885 1003 talis
900 944 1045 1023 poenitens
1061 953 1127 1023 post

121 1030 271 1090 obtentam
281 1026 496 1090 absolutionem
507 1025 592 1089 iaeilb
612 1028 740 1106 negliget
751 1029 850 1106 sugam
871 1026 1033 1089 necessario
1043 1028 1127 1089 odbi-
1208 1105 1209 1108 Ἴ

120 1110 267 1185 badam,
282 1121 313 1175 et
335 1113 455 1174 sicsine
475 1111 567 1174 dubio
589 1112 750 1173 relabetur.
764 1112 787 1171 E
802 1129 942 1173 converso
965 1112 1127 1191 prudenter
1208 1111 1209 1172 3

119 1194 282 1259 absolvitur
293 1196 440 1258 recidivus
452 1214 488 1257 ex
504 1214 588 1255 eausa
606 1195 785 1268 intrinseca,
803 1196 827 1255 si
839 1194 907 1258 vere
917 1203 961 1257 est
970 1196 1126 1276 dispositus

120 1298 174 1359 per
192 1283 311 1361 signum
325 1280 592 1343 extraordinarium
610 1280 742 1358 doloris3
760 1280 828 1359 quia
847 1280 1013 1359 periculum
1037 1284 1070 1343 in
1089 1301 1126 1345 en

119 1365 300 1445 infringendi
320 1366 505 1446 propositum
516 1374 560 1425 est
575 1365 667 1443 magis
676 1374 841 1437 remotum,
852 1363 919 1425 etim
926 1383 963 1427 ex
973 1384 1032 1426 una
1042 1377 1126 1444 parte

119 1466 180 1511 non
193 1451 268 1509 adsit
282 1468 365 1511 eausa
377 1449 538 1511 extrinseca
556 1448 593 1507 od
612 1457 764 1527 peceatum
776 1449 948 1593 impellens,
964 1459 996 1509 et
1014 1469 1051 1511 ex
1068 1452 1126 1513 alia
1208 1447 1209 1476 ³

119 1534 231 1613 majore
245 1536 323 1595 Deus
337 1534 481 1615 prebebit
498 1533 605 1594 auxilia
622 1533 807 1611 poenitentia
839 1533 1047 1613 extirpandum
1057 1553 1126 1615 pra·
1208 1575 1209 1598 2

117 1633 190 1680 vum
204 1616 356 1692 habitum,
375 1619 427 1698 qui
446 1618 502 1697 ipsi
517 1616 631 1678 nolenti
645 1636 679 1675 ue
690 1616 844 1679 detestanti
861 1618 954 1696 inast3
968 1616 1040 1679 hino
1062 1637 1127 1679 me·

118 1702 164 1784 gis
185 1702 475 1783 sperandum‚lore,
489 1711 523 1763 ut
542 1701 592 1762 ille
615 1701 789 1763 emendetur
799 1720 853 1782 per
865 1702 1008 1763 auxilium
1023 1704 1126 1781 gratioe
1208 1693 1209 1738 t

117 1787 152 1849 in
174 1796 356 1851 sacramento
373 1794 532 1867 susceptae,
554 1783 643 1868 quim
662 1803 715 1866 per
735 1785 907 1850 dilationem
919 1786 1125 1848 absolutionis.
1208 1841 1209 1850 ,

117 1869 300 1952 Soepljuuat
318 1871 370 1954 (ait
387 1872 490 1933 doetus
510 1871 549 1936 P.
564 1870 609 1931 Lo
625 1868 731 1942 croix,
752 1870 804 1948 qui
825 1866 941 1966 egregie
964 1877 1069 1930 tractat
1086 1870 1126 1930 de

117 1950 174 2014 boc
188 1964 370 2018 sacramento
383 1951 574 2034 poenitentiae)
588 1949 712 2035 relapsis
724 1948 888 2037 absolutto,
912 1959 976 2016 tum
990 1951 1026 2015 ob
1039 1952 1128 2014 auri·

117 2034 160 2097 tta
170 2037 276 2117 pretias
291 2054 358 2120 quse
370 2037 483 2116 confert
491 2045 729 2107 oruamentum
748 2045 777 2098 et
786 2034 892 2118 quibus
903 2045 998 2120 potest
1010 2037 1130 2101 reuniri

117 2115 286 2197 absolutus,
299 2121 371 2202 quia
384 2121 440 2204 pio
458 2121 596 2182 exercitio
609 2121 646 2184 ab
659 2118 829 2201 effiooeitote
844 2121 1022 2185 soemmeuti
1036 2121 1127 2187 bube-

116 2202 192 2268 bunt
201 2205 343 2288 rnaJ'orem
357 2205 418 2267 vim
430 2250 439 2281 ‚
453 2211 599 2286 ‚ematque
614 2208 678 2272 Deo
689 2205 826 2284 pretioso
840 2212 869 2269 et
880 2200 1042 2286 efficaciora
1054 2250 1063 2280 ‚
1076 2216 1130 2269 ut·

115 2297 182 2374 pote
194 2289 276 2369 [osto
287 2288 324 2352 ab
340 2291 433 2352 amieo
449 2287 525 2362 Dei,
543 2297 570 2350 et
594 2307 631 2350 ex
645 2287 832 2353 institutione
853 2287 963 2355 Christi
973 2287 1067 2352 inerit
1082 2291 1128 2354 eis
1208 2338 1210 2357 .

116 2372 214 2456 major
222 2373 267 2436 eis
280 2374 501 2454 satisfactorio5
515 2380 583 2435 tuoe
600 2374 687 2435 etium
698 2392 764 2455 spes
774 2382 950 2437 retrusorum
960 2371 1128 2454 ferventius
1208 2432 1210 2440 ,

115 2457 220 2521 mediis
233 2459 433 2543 proscriptis,
454 2477 528 2520 uam
551 2457 657 2521 dilutio
676 2457 786 2520 maritos
810 2457 949 2540 offendit,
969 2459 1045 2543 quia
1062 2480 1128 2524 oon

115 2541 256 2616 redeunt,
276 2543 326 2608 sed
345 2542 510 2607 redduntur
521 2541 671 2606 obdurati.
687 2545 779 2623 quue
793 2543 927 2622 expresse
942 2543 1129 2621 approbatur

114 2629 131 2690 b
147 2633 184 2691 D.
203 2631 258 2693 Tb.
271 2627 376 2714 Suppl.
392 2650 422 2712 q.
437 2633 485 2694 ab.
497 2652 525 2692 a.
540 2633 569 2692 l.
586 2629 664 2692 adl.
679 2633 731 2693 ubi
745 2632 843 2709 lnquit
854 2652 862 2690 r
874 2629 1130 2710 macedumque

115 2714 214 2798 majus
232 2713 392 2777 reboatum
426 2714 550 2781 rebetur
571 2724 674 2779 contra
690 2725 807 2800 peccota
824 2713 948 2776 vitando
961 2733 997 2776 ear
1007 2719 1126 2797 pretia,

93 2831 95 2836 ,
115 2797 203 2878 quim
216 2817 252 2859 en
270 2807 387 2860 assueta
410 2803 456 2862 ine
473 2809 641 2863 nostrorum
662 2819 794 2882 operum.
818 2800 894 2860 ilino
912 2798 991 2862 recto
1018 2801 1128 2863 dieunt

114 2880 206 2945 Saloe.
224 2881 258 2945 de
274 2886 377 2966 poeoit.
394 2904 419 2946 o.
441 2889 469 2947 t.
482 2905 515 2968 p.
529 2887 559 2946 l.
578 2905 609 2947 n.
626 2888 675 2948 68.
696 2887 730 2947 iu
747 2884 830 2966 lirae:
848 2886 908 2946 Cur
923 2884 958 2947 de
974 2895 1130 2967 peccatore

69 2970 78 2994 “
114 2964 441 3049 oooltubeoteprotiom
450 2966 787 3052 perdilatiorrerr‚pusim
798 2967 1130 3033 decorastitutoiaarni-

115 3053 184 3114 sitio
196 3050 255 3113 Dei
260 3070 314 3134 per
330 3050 540 3115 absolutionem
558 3050 663 3115 melitis
674 3052 853 3134 sperandum
866 3059 928 3114 est?
946 3055 982 3113 Et
997 3072 1129 3134 praeser-

115 3137 169 3196 tim
184 3136 280 3218 quoad
293 3146 443 3226 peceatum
456 3136 628 3216 pollutionis
646 3135 761 3199 Teletos
770 3135 791 3198 l.
807 3139 835 3198 b.
847 3157 872 3197 e.
885 3139 933 3198 lb.
947 3138 989 3198 sie
1002 3139 1126 3218 inquit:

119 3217 176 3281 Vix
187 3225 261 3299 puto
279 3235 337 3281 esse
350 3217 436 3280 uliud
451 3217 555 3300 efficax
576 3219 734 3282 remedium
747 3223 836 3301 quom
849 3219 1130 3301 frequentissimam

111 3298 319 3379 confessionem
332 3301 488 3378 adbibere5
500 3311 543 3364 est
557 3302 636 3363 enim
648 3303 701 3363 ltoo
713 3311 931 3364 sacramentum
951 3303 1130 3372 inanimum

110 3378 261 3470 frontem,
275 3393 303 3446 et
317 3387 372 3464 qui
380 3385 432 3446 boe
442 3404 502 3447 noo
519 3385 636 3459 utitor,
657 3403 718 3447 non
742 3385 800 3448 sibi
808 3385 965 3468 promittat
981 3392 1132 3452 unandu.

112 3464 218 3550 teooem
231 3465 293 3526 nisi
307 3485 363 3546 per
377 3465 564 3528 miraculum.
582 3472 702 3547 lloeque
721 3471 853 3530 remedio
872 3472 1037 3549 frequentis
1051 3494 1132 3539 eon-

110 3535 239 3601 fessonis
251 3563 307 3622 pro
317 3549 624 3615 residentibusintrle
634 3555 741 3616 vitium
751 3555 875 3631 legimus
887 3556 930 3616 D.
941 3551 1131 3640 Philippum
