2450 3975
105 179 163 242 eoa
334 175 441 240 nna.
460 133 877 241 radesponensem.

104 301 168 344 sam
188 281 355 357 celebrare,
372 291 404 344 et
429 281 617 344 audientibus
640 281 673 342 iu
701 279 737 342 iis
763 286 912 360 praecepto
935 278 1115 344 satisfacere.

106 367 239 428 Primum
251 367 379 429 habetur
396 383 434 428 ex
455 367 515 428 illis
526 367 625 428 verbis
637 387 645 424 =
659 361 854 445 ueneritne
870 373 900 426 et
916 365 1120 430 sernentibus

105 447 963 533 calbanemque.etiuanEprbeopd,inpreefutieoratoriie
975 448 1120 514 celebrare

105 552 166 596 nen
186 533 291 611 licea,
310 534 365 599 arbi
382 536 471 596 etium
482 536 573 596 amre
589 532 702 606 muso,
716 549 782 615 quae
799 533 833 594 in
851 531 967 596 indulto
986 537 1121 599 ronceli-

106 626 176 692 tur‚
199 617 294 701 fucrit
314 619 468 683 celebrate.
497 621 633 680 Alterum
654 639 663 676 a
687 615 903 680 Demendeudo
929 617 1055 684 atterius
1080 623 1119 684 in

104 701 242 766 omnibus
251 703 421 786 hujusmodi
433 701 549 765 casibus
561 719 705 784 pereum
721 719 918 782 quoscumque
935 702 1029 766 dietus
1043 707 1120 768 mis·

104 803 157 848 eus
174 787 326 851 redientes
342 786 515 849 nullatenale
531 795 676 869 precepto
689 783 825 848 Ecclesiae
843 786 1024 867 satisfacere.
1047 793 1120 854 Post

106 867 170 934 bac
179 873 287 952 scripta
299 873 399 932 iuveni
416 873 529 934 bullam
541 874 585 933 N.
600 874 656 934 SS.
669 873 708 933 P.
718 869 871 932 Benedicti
882 873 975 935 XIV.
988 875 1117 955 dlopnu,

106 955 156 1016 die
174 959 205 1018 2.
219 959 289 1018 lun.
307 959 394 1018 libi.
410 975 468 1036 qua
487 959 524 1018 lis
542 957 627 1018 linita
645 965 706 1034 est3
723 974 792 1017 uam
812 957 946 1018 Pontifex
965 958 1119 1023 declarans

107 1039 169 1113 ibi,
184 1040 334 1118 quomedo
343 1043 534 1121 intelligenda
546 1043 606 1102 sint
617 1040 788 1120 hujusmodi
800 1040 933 1118 indulta,
943 1042 1017 1103 dicit
1026 1063 1035 1102 r
1044 1045 1118 1106 Here

104 1139 161 1204 pro
172 1121 231 1203 lepe
245 1133 360 1187 statuto
375 1125 520 1206 fuerunt,
539 1119 785 1206 quemadmodum
798 1142 835 1185 eo:
847 1123 986 1204 sonneiis
1002 1123 1120 1189 litteru-

106 1226 175 1270 mm
191 1208 226 1270 in
236 1207 338 1291 sermo
357 1212 484 1288 limae,
501 1230 568 1293 qaue
586 1209 798 1281 miretur,
812 1205 944 1290 maluere
962 1218 1041 1272 est...
1054 1215 1120 1276 Nee

104 1288 252 1374 pleuresin
264 1294 328 1368 die,
340 1295 392 1358 sed
401 1296 492 1358 unice
506 1295 624 1358 tantine
642 1293 734 1355 nahae
753 1294 787 1355 in
799 1293 929 1356 erutum
946 1293 1116 1358 celebretur.

107 1375 186 1455 Ergd
208 1378 371 1457 prohibitio
385 1399 447 1442 non
459 1379 576 1442 mutum
590 1380 712 1459 respicit
727 1380 895 1449 audientes,
907 1379 956 1439 sed
970 1383 1118 1461 precipue

107 1459 288 1522 celebrantes
302 1506 310 1533 ‚
322 1462 391 1526 cium
400 1464 432 1524 in
444 1466 560 1542 privato
573 1463 703 1524 oratorio
714 1462 824 1541 pluries
834 1462 976 1526 celebrari
988 1473 1115 1526 vetetur.

144 1547 263 1619 Queras
280 1545 346 1622 bie,
369 1565 408 1608 au
427 1550 514 1608 liccat
534 1549 565 1608 in
581 1546 720 1609 oratoriis
738 1546 861 1625 privetis
884 1548 1044 1610 ministrari
1058 1553 1120 1614 Eu-

108 1629 244 1692 charistia
275 1633 340 1692 siue
367 1632 486 1694 lieentia
514 1632 682 1711 Episcopi?
713 1632 834 1691 Certum
865 1639 911 1692 est
939 1632 1117 1714 Episcopum

107 1715 266 1797 probibere
291 1735 376 1798 pesse
405 1719 652 1780 ministrationem
680 1716 897 1778 communionis
925 1717 957 1778 iu
986 1720 1117 1783 oratorio

107 1806 224 1882 privato
241 1847 250 1875 ‚
269 1815 303 1866 ut
326 1805 485 1866 declaravit
501 1803 612 1866 Bened.
627 1803 716 1864 XIV.
743 1802 774 1861 in
792 1802 872 1862 bulla
893 1803 1021 1882 Moeno,
1037 1806 1117 1867 edita

108 1888 200 1948 dieu
232 1890 303 1949 lun.
337 1891 424 1951 1751.
450 1893 488 1951 et
510 1889 534 1948 si
565 1907 626 1950 nou
657 1887 733 1948 adsit
764 1883 957 1966 prohibitio,
987 1887 1117 1952 affirmat

109 1968 244 2033 Clerieet.
268 1971 305 2033 de
324 1972 419 2035 Erech.
447 1972 507 2035 dee.
531 1975 561 2035 8.
579 1992 617 2034 n.
637 1974 713 2049 tt,
744 1972 855 2053 potitus
879 1972 1020 2045 ratione,
1047 1977 1118 2053 quia

108 2072 162 2135 per
185 2055 393 2117 Tridentinum
410 2067 551 2135 optatur,
573 2069 608 2119 ut
630 2060 662 2117 in
686 2058 808 2138 singulis
824 2057 920 2118 missis
939 2057 1039 2119 fideles
1064 2061 1119 2135 ad7

107 2150 217 2202 euntes
242 2143 490 2203 sacramentaliter
507 2143 738 2203 communicent.
753 2145 814 2205 Nee
836 2139 971 2203 dissentit
984 2142 1119 2207 Portelie

107 2226 190 2311 opud
201 2227 304 2289 Diana
314 2245 348 2309 p.
359 2231 389 2289 1.
404 2236 443 2289 tr.
459 2230 489 2288 1.
502 2247 530 2288 r.
542 2229 729 2305 te.‚diceus‚
747 2227 828 2307 quod
847 2228 991 2303 susceptio
1008 2230 1119 2293 Eucha-

107 2315 198 2375 ristiae
217 2315 249 2376 iu
266 2315 395 2375 oratorio
417 2316 534 2393 privato
560 2316 674 2377 nullam
695 2312 823 2396 parocho
849 2312 990 2389 injuriam
1008 2314 1117 2389 insert,

106 2401 226 2478 quaudo
239 2416 299 2461 non
312 2399 347 2461 fit
356 2399 394 2461 de
408 2410 565 2479 precepto.
579 2404 694 2479 Negant
708 2397 779 2461 verb
800 2398 840 2477 (1)
854 2396 959 2476 Dione
967 2443 977 2475 ,
994 2399 1115 2478 Quarti,

106 2480 315 2547 etutrttatdec
327 2483 410 2564 apud
424 2484 573 2547 Benedici.
586 2486 678 2547 XIV.
688 2483 786 2564 Notis.
797 2485 846 2544 19.
857 2501 890 2543 n.
902 2485 951 2543 11.
962 2483 1012 2561 qui
1025 2485 1117 2545 reiert

106 2570 313 2633 Innocentium
322 2571 387 2631 111.
405 2571 478 2631 olim
490 2572 590 2631 Rome
598 2586 719 2649 negasse
734 2569 850 2629 cuidam
866 2569 961 2629 nobili
973 2578 1117 2635 metrone

105 2654 257 2715 licentiam
280 2653 516 2715 communicandi
537 2654 571 2715 in
588 2654 719 2715 oratorio
742 2654 881 2732 privato,
901 2665 1021 2733 excepto
1046 2675 1116 2721 ease

106 2738 298 2799 infirmitatis.
311 2742 427 2818 Negant
446 2740 535 2801 etiam
547 2734 708 2819 Pipeotell.
725 2738 812 2801 Corn.
827 2739 876 2799 08.
891 2757 944 2801 nu.
955 2742 1005 2801 86.
1019 2742 1114 2824 Pesq.

106 2820 141 2883 de
152 2821 234 2883 Sere.
249 2820 337 2882 Mire.
350 2842 380 2905 q.
392 2826 461 2884 611.
473 2831 502 2885 et
509 2825 548 2885 P.
564 2823 680 2885 Guttiee
690 2840 715 2884 e.
726 2824 776 2884 19.
786 2843 818 2885 n.
831 2826 872 2898 6.,
887 2825 954 2901 quia
965 2825 1117 2887 ministra·

107 2908 149 2969 iio
163 2904 350 2966 Eucharistiae
366 2909 495 2985 pertinet
510 2906 548 2967 ad
561 2907 798 2983 jurisdictionem
810 2906 959 2968 ordinarii
971 2951 979 2980 ,
993 2906 1062 2969 edm
1075 2914 1117 2974 sit

106 3003 187 3054 actus
200 2989 334 3069 pascendi
355 3009 444 3068 over3
460 3000 492 3053 et
505 2990 572 3053 ideo
589 2993 758 3071 regulares,
771 3000 806 3051 ut
819 2989 1031 3050 Eucharistiam
1054 2997 1116 3055 mi-

106 3080 288 3148 nistrarent,
315 3074 490 3154 specialibus
518 3076 711 3155 indiguerunt
732 3074 904 3154 privilegiis.
931 3074 1006 3133 liine
1030 3074 1114 3142 idem
1174 3114 1181 3121 -

106 3165 183 3243 Papa
197 3158 307 3223 Benaci.
322 3160 412 3224 XIV.
423 3160 455 3221 iu
468 3162 620 3238 Eucyclicu
631 3160 668 3220 ud
681 3160 837 3237 Episcopus
856 3158 940 3237 regni
956 3158 1088 3223 Poloniee
1102 3208 1111 3234 ‚

105 3251 183 3313 edita
200 3250 301 3310 cadem
314 3248 363 3311 die
373 3250 403 3311 1.
415 3248 486 3310 iun.
506 3248 606 3320 titt„
625 3244 778 3326 prohibuit
793 3244 858 3307 dari
870 3246 1112 3311 communionem

106 3334 139 3398 iu
150 3335 273 3414 privatis
281 3333 480 3408 oratoribus,
491 3333 543 3413 qui
557 3332 704 3395 intersunt
712 3330 822 3411 ubsque
831 3331 948 3394 licentia
962 3330 1110 3412 Episcopi.

109 3574 113 3580 θ
133 3507 166 3562 (1)
174 3524 187 3548 ι
195 3508 353 3557 manemus.
362 3530 374 3553 ι
386 3513 456 3561 Hora.
468 3512 515 3572 Ap.
524 3508 690 3560 Breuem.
700 3520 726 3559 tt.
740 3507 794 3557 ill.
929 3570 994 3621 m·
