2450 3975
299 309 309 318 ,
348 254 422 333 Cap.
438 249 720 314 immunitione.
738 248 818 312 Dnb.
833 253 864 312 2.
1052 252 1109 313 553

103 351 227 418 Nerium
251 347 379 413 maximia
401 367 487 411 usum
508 349 607 410 luisse.
631 351 668 409 Et
688 346 759 408 huic
780 347 922 410 doctrinae
945 346 1051 409 alludit
1079 347 1109 408 id

101 437 181 518 quod
203 435 329 497 habetur
349 435 382 495 in
403 434 513 494 Rituali
534 437 666 496 Romano
686 430 721 493 de
742 449 820 493 socr.
839 434 942 512 poenit.
965 433 1017 493 ubi
1038 453 1047 491 a
1070 434 1111 493 ln

97 528 216 605 peccota
234 518 323 600 sacili
342 514 535 580 recidentibus
552 513 746 578 utilissimum
767 515 861 596 [nent
881 516 1050 592 concutere,
1075 522 1112 576 at

100 606 175 687 serpe
184 602 396 684 eorcfitcnntnr,
414 610 442 662 et
453 600 481 673 ct
490 599 642 682 expedint,
653 599 876 682 commaneant.
888 601 964 679 Ergb
976 602 1107 671 Rituale,

100 690 171 749 dum
187 689 259 749 dicit
277 687 441 747 remedium
460 686 621 764 irequeutis
637 687 825 747 consessionis
843 686 1031 746 utilissimum
1046 704 1109 746 csse

99 773 183 835 facile
203 771 400 833 recidentibus
417 774 450 830 in
469 778 600 848 peccata,
618 772 760 848 supponit
776 789 900 850 pravum
917 769 1051 830 habitum
1070 771 1110 830 ab

100 858 142 918 cis
160 876 220 919 non
237 855 332 916 adhuc
351 871 412 914 esse
431 856 586 930 avulsum3
603 854 675 927 scd,
697 853 753 915 hoc
772 856 1002 928 nonobstante,
1023 855 1110 917 docet

98 942 223 1020 gratiam
241 939 413 999 sacramenti
431 940 560 998 multum
579 937 712 1000 conferre
727 939 764 998 ad
781 941 1026 1000 emendationem.

137 1025 263 1101 Quidam
279 1022 477 1102 rigiditatibus
492 1024 599 1083 addicti
614 1067 622 1094 ,
637 1024 689 1103 qui
713 1044 766 1104 per
780 1026 902 1087 unicum
923 1027 1029 1104 rigoris
1046 1035 1107 1087 tro·

98 1112 201 1174 mitem
213 1110 324 1191 animas
339 1109 508 1173 conducunt
521 1152 529 1179 ,
544 1108 634 1168 nimis
653 1112 829 1187 generaliter
842 1114 1010 1191 loquentes,
1032 1129 1108 1171 assc-

98 1204 171 1258 runt
196 1211 298 1256 omncs
319 1193 464 1253 recidivus
489 1194 689 1270 perversiores
711 1196 802 1269 fieri,
828 1195 897 1257 ciun
916 1197 1107 1258 absolvuntur

97 1291 254 1361 antequam
268 1277 473 1341 emendentur.
490 1279 548 1339 Sed
575 1276 630 1338 hos
661 1282 816 1360 magistros
842 1299 922 1342 meos
947 1300 1105 1358 rogarem,

97 1366 244 1444 numquid
257 1362 377 1423 recidivi
391 1406 399 1435 ,
414 1361 483 1423 ciam
508 1363 572 1426 sine
590 1363 777 1433 absolutionc¹
786 1366 997 1435 dimittuntur,
1014 1368 1107 1443 gratia

96 1450 268 1512 sacramenti
282 1454 432 1521 carentes,
451 1467 554 1510 omnes
567 1450 724 1512 validiores
738 1452 832 1523 liunt,
848 1458 879 1512 et
893 1452 1106 1511 emendantur?

54 1609 57 1615 Ι
96 1539 176 1614 Quot
186 1538 307 1595 miseros
328 1535 390 1613 ipse
408 1536 553 1612 cognovi,
576 1538 628 1614 qui
641 1537 680 1597 ob
700 1538 871 1616 denegatam
892 1537 1105 1598 absolutionem

94 1642 127 1685 sc
139 1620 308 1697 dejecerunt
327 1620 358 1678 in
372 1617 630 1697 desperationem,
654 1627 684 1682 et
704 1641 757 1701 per
775 1625 875 1701 plures
890 1614 1106 1682 annosbsacra·

94 1706 204 1769 mentis
215 1704 307 1763 aversi
323 1703 520 1764 aberrarunt?
536 1705 683 1767 Caeoertlm‘
697 1707 898 1785 unusquisque
915 1708 947 1767 iu
964 1705 1019 1766 hoe
1029 1725 1106 1784 pun·

95 1801 143 1854 cto
159 1788 362 1868 impertiendae
371 1788 418 1849 vel
438 1789 609 1852 differendae
629 1791 818 1852 absolutionis
837 1790 965 1869 dirigere
976 1808 1007 1851 se
1019 1791 1106 1852 debet

93 1877 177 1956 juxta
194 1872 324 1936 lumeni
342 1876 404 1937 Deo
423 1875 480 1937 sibi
497 1876 653 1938 donatum·
675 1877 738 1937 lloc
755 1885 868 1937 certum
885 1883 949 1949 est,
967 1876 1046 1955 qubd
1072 1879 1105 1937 in

94 1960 150 2024 bac
162 1959 283 2021 materia
297 1968 358 2021 tom
376 1964 497 2033 errent,
513 1961 565 2041 qui
577 1979 667 2040 aequo..
683 1970 752 2022 sunt
767 1961 929 2035 faciliores,
947 1960 1036 2040 quim
1051 1964 1103 2043 qui

93 2063 180 2126 aequo
203 2044 358 2123 rigidiores
382 2046 507 2107 suntin
531 2045 729 2122 absolvendo;
759 2057 920 2125 utrumque
938 2057 1103 2109 extremum

92 2132 314 2216 perniciosum3
338 2133 424 2192 multi
444 2133 526 2193 enim
549 2132 715 2193 confessarii
735 2132 774 2192 ob
791 2132 914 2192 nimiam
934 2134 1103 2195 facilitatem

92 2215 264 2278 absolvendi
288 2215 319 2275 in
340 2235 424 2278 eausa
442 2226 529 2290 stin-t,
553 2224 591 2277 ut
604 2219 704 2294 plures
723 2219 828 2276 animae
852 2218 884 2275 in
906 2218 1103 2294 perditionem

91 2302 216 2378 abeant3
229 2300 280 2361 scd
292 2300 342 2360 alli
352 2301 390 2360 ob
402 2302 526 2363 nimiam
537 2302 716 2380 rigiditatem
726 2320 786 2361 non
797 2301 921 2376 minoris
932 2309 1002 2362 sunt
1011 2302 1104 2362 detri-

90 2386 198 2449 menti.
212 2384 296 2445 Unde
319 2384 397 2444 haud
411 2387 488 2460 scio,
510 2385 613 2446 utrium
637 2386 810 2446 confessario
832 2385 942 2446 minori
964 2388 1102 2465 scrupulo

90 2470 198 2533 debeat
207 2487 269 2530 csse
281 2468 472 2548 indispositos
484 2470 634 2531 absoluere
646 2513 655 2540 ,
671 2469 760 2548 quam
771 2469 926 2548 dispositos
940 2471 1100 2532 dimittere.

90 2554 243 2625 Tandem,
262 2561 296 2614 ut
321 2572 394 2615 meac
416 2555 601 2618 conscientiae
620 2554 773 2615 dictamen
786 2571 954 2632 exponam,
974 2557 1016 2615 sic
1031 2575 1101 2618 con-

89 2641 198 2702 cludo:
213 2639 379 2718 Aliquando
394 2642 505 2719 poterit
519 2640 608 2700 alicui
625 2640 755 2701 recidivo
773 2639 911 2718 prodesse
930 2639 1033 2701 dilatio
1048 2643 1101 2703 ab·

75 2723 260 2786 solutionis.
286 2724 409 2801 Semper
442 2723 563 2803 quidem
592 2725 727 2802 proderit
749 2724 899 2785 deterrere
929 2722 1100 2803 hujusmodi

86 2812 220 2887 relapsos
234 2827 270 2869 cx
282 2809 440 2872 intrinseca
452 2809 609 2888 fragilitate
621 2853 630 2882 ‚
651 2809 836 2888 negationem
846 2810 1037 2872 absolutionis
1048 2816 1101 2875 mi·

87 2894 201 2957 nando.
213 2891 370 2966 Ordinorie
393 2892 465 2959 verb
489 2893 642 2973 loquendo
666 2894 758 2972 magis
776 2895 909 2974 proderit
922 2899 964 2957 eis
981 2899 1099 2958 absolu-

84 2980 200 3042 tionem
213 2976 360 3056 impertiri
373 3022 382 3050 ,
397 2977 467 3040 culm
487 2978 619 3058 dispositi
634 2979 776 3040 accedunt
794 2999 847 3060 per
867 2983 984 3061 signum
1002 2990 1099 3043 extra-

84 3063 274 3126 ordinarium
295 3061 416 3123 doloris.
432 3063 552 3124 Utinam
569 3064 635 3124 dico
652 3073 683 3125 et
698 3083 801 3127 omnes
820 3068 986 3128 confessarii
1003 3068 1099 3128 absol-

82 3156 191 3209 rcrcnt
205 3145 350 3206 recidivus
361 3144 429 3208 cinn
439 3145 536 3209 sotum
549 3149 631 3226 signa
647 3149 878 3212 extraordinaria
891 3152 934 3210 illi
947 3151 1094 3212 atterunt!
1192 3156 1196 3165 '

82 3231 144 3293 Sed
158 3229 240 3310 quod
256 3230 418 3292 dolendum
431 3239 495 3305 est,
509 3234 638 3294 maximo
662 3253 728 3313 pars
751 3236 996 3295 confessariorum
1009 3236 1097 3295 undi-

80 3334 156 3395 que,
167 3316 251 3376 nullo
260 3313 381 3393 prorsuis
388 3317 475 3398 signo
486 3319 717 3379 extraordinario
726 3319 870 3390 exhibito,
881 3316 1097 3379 indiscrimina-

80 3403 141 3464 tim
157 3401 220 3460 sinc
232 3400 290 3459 ulla
301 3400 500 3462 admonitione
511 3446 519 3474 ,
530 3402 671 3479 nulloque
684 3402 814 3480 proestito
825 3401 978 3471 remedio,
997 3399 1096 3478 hujus·

79 3483 165 3547 modi
183 3483 303 3562 relapsis
324 3503 441 3565 semper
464 3486 678 3546 absolutionem
693 3487 907 3566 impertiuntur
919 3528 927 3559 ,
939 3483 1034 3547 ethoe
1052 3499 1102 3552 cst·

77 3565 619 3638 undcruinatotanimarumemanat.

875 3740 940 3803 50..
