2450 3975
217 198 289 276 Cop.
304 195 335 255 t.
346 192 392 256 lle
403 185 536 254 Euolor.
551 196 588 254 att
599 197 644 254 ost
656 189 844 273 aemfiriam.
858 193 935 258 Dub.
950 199 981 258 d.
1043 200 1102 264 eut

135 295 299 360 Deducitur
319 299 350 357 2.
370 293 451 375 qubd
473 294 498 355 ai
517 293 552 355 in
571 293 689 355 indulto
706 295 838 367 dicatur,
852 313 911 358 una
922 298 1007 360 missa
1027 317 1102 379 quo-

92 383 168 448 tidie
185 381 368 450 celebretur,
381 380 488 458 nequit
510 378 566 438 aab
584 378 703 438 mortali
717 376 734 439 b
749 380 983 460 quibuscumque
1002 401 1099 445 saeer-

95 467 218 530 dotibus
235 466 325 526 etiam
344 464 494 542 Episcopio
508 471 540 522 et
552 463 738 542 regularibus
758 463 813 523 sub
823 474 965 542 pretextu
980 469 1102 546 privile·

95 553 216 632 giorum
233 556 343 626 praeter
354 547 436 607 illam
448 549 567 606 missam
582 547 639 606 alia
656 547 817 615 celebrari,
828 557 862 607 ut
873 548 951 610 reete
963 551 1103 630 inquiunt

94 639 173 698 Boo.
189 632 280 695 XIV.
291 633 365 692 Not.
377 633 427 691 29.
442 649 475 691 a.
487 633 518 692 8.
535 639 565 692 et
577 631 687 706 Quaem
697 629 779 711 opud
794 631 885 693 Groaio
903 629 924 692 l.
939 635 969 693 t.
980 652 1015 714 p.
1026 639 1056 696 2.
1066 655 1100 696 n.

91 721 206 782 boeot
222 712 372 776 Tonelliua
384 714 509 776 ende.
524 733 559 796 p.
580 717 630 776 bb.
651 734 685 776 aa.
701 718 732 776 6.
752 734 820 776 eum
833 715 984 778 omnmum'
1000 726 1102 780 tonna

89 799 320 868 uadendum
332 796 399 880 lies.
413 801 502 861 Mite.
519 817 571 860 eea
590 802 622 862 3.
634 801 686 878 qui
710 809 807 860 censet
822 817 883 861 non
897 802 989 862 vetari
1002 799 1111 881 plures*

92 890 199 950 misso
217 884 379 954 celebrari,
401 885 459 944 nisi
479 884 596 946 dicatur
619 884 651 944 in
671 884 805 958 indulto,
819 885 909 946 unice
926 885 1020 948 misto
1037 883 1103 948 cele·

91 973 215 1045 beetur,
229 966 278 1030 ael
296 985 360 1028 aaa
380 968 624 1048 toataimequia,
636 977 670 1030 nt
684 971 742 1042 ait,
757 977 788 1030 to
809 987 873 1031 uno
891 987 952 1031 non
969 980 1013 1032 eat
1033 981 1103 1050 par·

89 1056 185 1118 tioula
200 1053 346 1124 turatino,
364 1062 454 1131 prout
472 1053 497 1112 si
514 1054 546 1114 in
559 1053 732 1115 fundatione
744 1053 877 1128 ditatur,
894 1051 1049 1128 uolumus,
1066 1063 1103 1115 ut

89 1136 227 1224 quotidie
245 1155 310 1198 aaa
322 1134 415 1198 muso
433 1135 591 1199 celebretur
606 1137 641 1197 io
657 1135 714 1198 tali
727 1133 835 1211 altori,
849 1155 909 1198 non
923 1139 988 1201 idad
1003 1141 1102 1218 plures

89 1223 294 1306 probibentur
308 1221 415 1281 missu.
431 1223 498 1281 liaeo
515 1232 625 1282 tarnem
644 1221 745 1300 opinio
763 1222 880 1282 videtur
897 1225 1019 1285 omninb
1043 1226 1104 1286 im·

88 1306 256 1390 probabilis
265 1349 274 1378 ,
284 1323 353 1365 nam
367 1305 521 1383 privilegia
529 1351 540 1383 ‚
549 1308 610 1366 sive
619 1306 817 1367 eoncessiones
826 1304 963 1368 adversius
971 1308 1101 1386 aliquam

87 1397 191 1472 legem
211 1389 421 1470 prohibitivum
438 1391 540 1452 stricte
555 1400 624 1451 sunt
647 1388 835 1467 aecipienda3
858 1391 938 1452 unde
958 1391 1101 1471 particula

86 1495 159 1540 unu
170 1476 252 1536 idem
268 1475 456 1552 importatae
470 1475 560 1536 unua
572 1520 581 1541 ‚
593 1485 623 1535 et
644 1474 723 1552 quod
737 1491 792 1552 pro
810 1492 870 1534 una
884 1475 946 1536 viee
965 1477 1101 1538 macedi-

87 1573 162 1638 tur,
180 1577 243 1620 non
264 1567 361 1638 potest
381 1558 418 1618 ad
440 1561 540 1637 pterea
557 1560 636 1620 vices
653 1557 790 1636 extendi3
806 1566 896 1638 prout
909 1560 933 1618 si
953 1561 1020 1639 quia
1044 1579 1100 1640 pro

87 1665 155 1708 una
182 1644 249 1704 viee
267 1642 406 1704 concedat
431 1645 520 1703 alicui
545 1645 672 1704 transire
699 1661 860 1722 persuum
888 1661 1015 1722 agrum,
1039 1663 1100 1707 non

86 1738 192 1812 posset
208 1728 259 1787 ille
279 1726 391 1805 pluries
410 1729 546 1788 transire.
565 1731 602 1786 Et
618 1727 674 1788 hoo
694 1737 774 1806 patet
791 1727 869 1788 ctare
888 1747 923 1788 ex
942 1729 1030 1788 citato
1048 1729 1101 1789 de-

87 1825 196 1886 creto,
210 1813 263 1873 ubi
280 1811 479 1888 reprobantur
496 1809 663 1891 regulares,
688 1811 743 1893 qui
763 1808 889 1892 privatio
910 1810 943 1873 in
961 1811 1102 1874 oratorio

87 1898 236 1962 celebrare
259 1894 370 1956 audent
389 1893 491 1977 plures
508 1895 617 1960 mistae
635 1898 726 1977 qudm
751 1895 843 1957 iniis
868 1894 910 1956 ait
937 1893 1098 1960 todoattom.

87 1982 169 2047 (blm
192 1990 291 2043 autem
312 1981 343 2041 in
366 1979 482 2043 indulto
501 1982 539 2041 eit
562 2000 621 2041 una
642 1983 729 2043 missa
748 1998 903 2061 expresso,
923 1983 975 2062 qui
998 1983 1099 2061 plures

87 2070 198 2129 missas
210 2064 409 2135 eelebrarent‚
424 2064 487 2144 jam
506 2065 650 2127 auderent
667 2068 814 2128 celebrare
834 2068 913 2127 ultra
936 2069 1098 2129 eoncessio-

89 2170 164 2213 nem
182 2152 214 2210 in
235 2149 352 2210 indulto
373 2167 553 2228 expressam.
578 2154 639 2212 Neo
659 2154 736 2213 valet
760 2152 869 2231 paritas
888 2152 1013 2213 adducta
1030 2154 1100 2213 ian-

88 2235 318 2309 dationis3nam
341 2233 382 2293 ibi
403 2252 466 2295 non
486 2245 624 2296 vetantur
641 2234 761 2297 aliunde
779 2237 878 2313 plures
900 2236 1001 2295 missas
1023 2236 1099 2295 eele-

89 2320 197 2391 brnri,
216 2335 271 2378 neo
289 2317 428 2377 fundator
446 2318 604 2397 prohibere
629 2331 745 2399 posset3
765 2320 817 2381 sed
836 2320 867 2379 in
881 2319 1018 2380 oratoriis
1035 2320 1099 2398 pri·

90 2406 167 2467 vatis
189 2420 250 2463 non
270 2411 368 2481 potest
395 2404 538 2464 celebrari
559 2406 617 2463 alia
637 2404 745 2475 missa,
764 2404 822 2464 nisi
839 2422 906 2481 quae
925 2405 957 2465 in
981 2404 1098 2467 indulto

91 2486 292 2567 exprimitur,
321 2484 390 2547 etim
418 2488 537 2548 aliunde
560 2490 599 2548 sit
629 2489 806 2567 generaliter
836 2487 1021 2567 prohibitum
1055 2488 1098 2549 ibi

91 2571 254 2645 eelebrari3
277 2571 357 2630 unde
380 2570 461 2632 idem
486 2581 530 2632 est
542 2616 552 2646 ‚
576 2571 646 2633 eiam
672 2574 705 2657 in
730 2573 848 2633 indulto
873 2572 983 2632 dieitur
1009 2572 1098 2632 unico

89 2656 206 2725 malso,
235 2653 325 2732 quim
348 2673 413 2715 uno
447 2674 515 2736 que
547 2654 665 2717 indulto
694 2654 878 2726 conceditur,
907 2655 940 2715 in
974 2664 1099 2733 utraque

89 2743 174 2803 enim
194 2738 323 2799 dictione
342 2757 427 2801 mena
447 2741 598 2803 Pontificio
624 2750 686 2815 est,
710 2740 869 2802 secundam
892 2741 1009 2802 missam
1034 2760 1096 2805 non

90 2842 178 2905 posse
194 2822 346 2884 celebrari.

130 2911 239 2971 Dices:
256 2908 369 2970 Pluriea
380 2910 521 2971 celebrari
538 2929 599 2972 non
616 2910 792 2992 prohibetur
804 2920 937 2991 respectu
955 2913 1098 2974 celebran-

90 2998 192 3067 tium,
210 2993 262 3053 sed
282 3003 417 3072 respectu
442 2996 644 3067 audientium,
664 2996 716 3074 qui
736 2998 767 3055 ln
789 2997 854 3057 aliis
872 2997 984 3069 missis,
1001 3000 1097 3075 primi

91 3078 226 3140 wneessi
246 3077 410 3149 celebrati,
433 3098 493 3141 non
514 3081 711 3144 satisfacerent
733 3092 890 3161 praecepto.
916 3084 954 3141 At
975 3099 1098 3159 respon·

90 3165 167 3235 deo,
185 3161 267 3241 qubd
289 3162 450 3241 prohibitio
469 3174 514 3225 eat
533 3184 593 3227 non
614 3165 712 3228 solium
737 3176 870 3246 respectu
892 3167 1096 3238 audientium,

90 3250 145 3311 sed
164 3250 254 3310 etiam
272 3248 485 3312 celebrantium
506 3272 516 3310 a
541 3252 639 3332 primb
661 3254 730 3330 quia
752 3252 889 3313 omnibus
909 3253 1033 3311 vetitum
1054 3258 1098 3312 eat

89 3332 241 3395 caelebrare
256 3332 289 3392 in
305 3334 441 3394 oratoriis
460 3337 554 3396 oultui
575 3337 678 3397 divino
700 3354 761 3397 non
781 3334 933 3396 destinatis
955 3351 1008 3412 per
1026 3352 1096 3413 eon-

88 3416 303 3487 secrationem,
326 3418 373 3477 vei
396 3418 631 3481 benedictionem
655 3420 809 3497 Episcopi3
830 3416 957 3477 secundi)
978 3418 1045 3496 quia
1065 3419 1097 3479 in

88 3502 210 3561 decreto
222 3495 343 3579 prelato
357 3498 512 3565 Clementia
527 3502 588 3563 duo
604 3505 726 3581 quidem
746 3502 901 3579 sejunctim
918 3518 971 3580 per
988 3520 1018 3562 se
1028 3520 1097 3582 pro·

88 3584 254 3658 bibentur,
271 3593 302 3646 et
322 3586 520 3649 sacerdotibus
540 3589 610 3648 alias
628 3588 729 3648 missas
747 3598 853 3666 praeter
874 3604 963 3649 unam
981 3606 1097 3649 eonces-
