2450 3975
119 200 176 265 128
349 201 415 269 tu.
430 205 461 267 6.
476 202 884 269 rememoraturum.

118 326 132 355 a
156 300 389 384 recognitionem
415 306 545 385 supremi
572 304 698 368 dominii
716 307 789 380 Dei,
815 318 846 369 et
870 308 989 389 signum
1017 316 1130 376 nostroe

119 412 131 441 ι
156 389 316 449 servitutis.
327 389 414 463 Quod
424 408 485 451 non
505 388 622 465 obstat,
643 391 717 468 quin
735 392 908 455 secundarit
929 395 1020 471 possit
1037 399 1131 460 etiam
1207 384 1208 427 ³

118 496 131 525 ι
154 472 191 533 ad
210 472 302 534 alium
320 472 412 536 linem
427 475 583 554 partialem
606 474 730 553 offerri,
750 484 786 537 ut
800 476 837 538 ad
857 478 982 557 agendos
995 482 1129 559 gratias,

117 580 131 608 s
155 557 203 617 rel
222 558 459 637 impetrationem
474 559 628 635 beneficii,
648 559 686 621 ad
699 562 902 624 remissionem
920 574 1129 643 peecatorum,
1207 626 1208 655 ,

117 665 131 693 a
155 640 193 702 ad
211 642 331 705 Sanetos
343 639 548 719 honorandos,
563 653 619 706 eto.

156 760 326 824 Notandum
349 768 394 820 est
412 762 437 820 l.
452 759 533 839 qubd
552 760 728 823 sacrificium
742 762 775 823 in
791 780 921 842 genere:
939 766 997 826 Est
1016 762 1130 827 oblatio

117 843 200 925 [orto
214 848 276 907 Deo
287 862 343 925 per
352 843 586 906 immutationem
598 840 726 925 aiicujus
741 848 805 919 rei,
820 847 982 928 insignum
994 850 1132 929 supremi
1207 858 1208 883 ι

116 928 259 1001 dominii,
271 946 308 990 es
325 926 457 1009 legitimo
468 928 664 992 institutione.
677 932 720 990 lto
735 934 934 993 communiter
945 934 1036 994 Suor.
1053 930 1126 993 Pol.

116 1015 223 1093 logui.
237 1016 324 1074 Com.
347 1021 377 1073 et
390 1009 455 1075 aiii.
466 1015 583 1075 Dicitur
596 1010 706 1077 ottouo
720 1033 775 1092 pro
786 1034 894 1095 genere
907 1060 915 1089 ,
929 1016 960 1077 iu
979 1035 1040 1095 quo
1056 1036 1130 1077 oum

115 1098 181 1158 eliis
202 1097 401 1160 oblationibus
417 1100 566 1160 convenit.
592 1101 687 1161 Festo
706 1100 787 1173 Deo,
809 1102 878 1179 quia
895 1102 950 1161 soli
966 1102 1047 1175 Deo,
1064 1120 1130 1163 non

115 1181 230 1245 Sanctia
249 1183 428 1245 sacrificium
442 1182 577 1245 offertur.
591 1184 652 1245 Per
663 1183 899 1247 immutationem
914 1181 1042 1267 aiicujus
1060 1184 1129 1257 rei,

114 1267 284 1330 immutatio
300 1270 381 1331 enim
405 1268 560 1349 distinguit
577 1268 753 1330 soorilieium
768 1270 806 1330 ab
823 1270 888 1329 aliis
914 1269 1128 1331 oblationibus.

113 1354 154 1413 In
174 1352 294 1437 sigum
313 1356 446 1436 supremi
460 1353 603 1428 dominii,
631 1372 701 1415 num
721 1356 771 1415 tali
795 1355 880 1435 signo
903 1355 1129 1435 significamus,

114 1437 155 1499 ita
176 1436 194 1499 d
216 1441 279 1500 Deo
298 1448 439 1517 tanquam
458 1458 599 1519 supremo
617 1440 740 1500 domino
761 1458 815 1505 nos
830 1449 861 1500 et
885 1449 984 1501 nostro
1012 1440 1130 1500 destrui

113 1538 219 1600 posse,
233 1524 320 1585 sicuti
337 1541 385 1583 res
398 1524 496 1585 oblata
515 1524 704 1585 immutatur.
716 1525 767 1587 Es
778 1521 909 1604 legitimo
922 1522 1130 1585 institutione.-

114 1608 183 1667 llaee
208 1608 473 1669 autem'institutio
494 1609 551 1669 tria
572 1609 723 1686 requirit,
743 1618 778 1669 ut
799 1608 977 1669 sucrificium
997 1609 1049 1669 liat
1072 1626 1130 1687 pu·

114 1691 190 1753 blioi
209 1694 403 1767 auctoritate,
418 1692 471 1754 liat
486 1694 608 1755 nomine
623 1692 714 1755 totius
727 1693 846 1773 populi,
871 1701 902 1754 et
926 1692 979 1753 fiat
997 1692 1014 1753 i
1031 1710 1130 1753 secer·

113 1777 184 1840 dote
202 1788 343 1857 tanquam
358 1780 491 1858 legitimo
502 1780 650 1841 ministro.
1013 1795 1019 1808 '¹

151 1895 322 1956 Notandum
338 1896 376 1955 ll.
391 1877 573 1956 Sacrificium
586 1894 680 1957 dividi
699 1912 735 1955 ex
747 1872 831 1974 porte
843 1894 992 1968 materiis,
1003 1892 1128 1967 lormno,

113 1989 144 2042 et
160 1977 239 2039 finis.
254 1982 298 2040 lix
316 1987 401 2058 parte
413 1978 545 2040 maurim
556 1979 750 2060 distinguitur
767 1980 799 2041 in
812 1977 983 2050 uictimam,
997 1996 1050 2038 seu
1073 1978 1130 2042 leo·

111 2063 221 2137 stiam,
238 2066 270 2125 in
283 2082 342 2142 quo
352 2063 472 2140 aliquod
491 2062 656 2125 inimatum
667 2063 812 2125 offertur:
829 2063 861 2123 in
881 2059 1127 2136 immolationem,

113 2151 146 2211 in
165 2166 224 2229 qua
247 2147 371 2210 offertur
395 2148 514 2226 aliquod
529 2147 679 2223 inanime,
694 2148 745 2210 sed
758 2147 909 2208 solidum:
925 2147 957 2208 in
971 2143 1103 2210 libamem
1118 2183 1132 2219 ,·

110 2238 144 2298 in
163 2252 224 2314 quo
242 2234 366 2297 offertur
387 2233 508 2312 aliquod
534 2233 692 2314 liquidum.
717 2235 865 2314 Experto
888 2229 994 2314 [osmer
1017 2232 1128 2294 distin·
1205 2245 1206 2250 ’

111 2322 213 2400 guitur
237 2319 269 2379 in
282 2317 506 2391 boioeoustum,
530 2321 562 2380 in
584 2337 646 2398 quo
668 2326 784 2390 totum,
809 2317 889 2398 quod
912 2317 1055 2394 offertur,
1070 2335 1127 2396 por

110 2407 212 2485 ignem
232 2406 415 2465 eonsumitur
438 2425 446 2463 ε
470 2401 599 2466 bostium
619 2421 677 2486 pro
697 2410 834 2485 peoooto,
855 2402 888 2464 in
910 2400 1021 2482 quaid
1042 2401 1125 2480 quod

112 2490 235 2553 offertur
244 2489 353 2568 partim
363 2489 547 2549 consumitur
556 2506 610 2566 per
619 2488 910 2566 ignem,purtimper
919 2485 1122 2548 saoerdotem:

110 2573 237 2637 bostiam
248 2571 420 2654 puoifioom,
432 2573 464 2633 in
475 2573 571 2652 quaid
582 2571 794 2650 quodolfertur
817 2572 924 2652 partim
940 2571 1127 2632 consumitur

111 2661 279 2738 perignem,
293 2659 401 2738 partim
410 2677 464 2737 per
475 2656 667 2730 sacerdotem,
676 2659 785 2736 partim
796 2673 850 2734 per
864 2657 949 2717 illum
957 2654 1008 2734 qui
1019 2653 1123 2716 donat.

111 2745 154 2804 lix
182 2750 266 2819 parte
290 2741 364 2819 finis
383 2743 577 2822 distinguitur
600 2743 632 2803 in
663 2738 868 2813 lutreutioum,
888 2739 969 2820 quod
997 2737 1125 2800 ollertur

112 2824 241 2888 merdin
260 2826 436 2904 obsequium
460 2831 534 2890 Dei:
549 2825 775 2890 euoboristioum
796 2827 828 2888 in
849 2827 1012 2905 gratiarum
1032 2823 1124 2884 aetio·

112 2928 199 2974 nem:
217 2909 477 2991 propitiatorium,
495 2930 547 2973 seu
559 2911 797 2992 expiatoriumin
810 2911 1015 2972 remissionem
1028 2909 1123 2988 oulpoe

110 2997 158 3059 rel
181 3010 296 3075 poenoe:
310 2993 547 3074 impetratorium
565 2997 602 3056 sd
621 2997 781 3058 obtinendo
797 2995 873 3056 bono
892 2993 910 3056 b
930 2996 1003 3055 Deo.
1026 2994 1123 3054 Sueri-

110 3083 212 3144 lieium
223 3087 323 3141 sutem
344 3078 533 3141 lioohoristiae
550 3081 583 3142 in
598 3082 662 3160 lege
678 3083 780 3158 gratiae
795 3081 967 3140 institutum
980 3079 1052 3158 (quo
1063 3094 1123 3137 om·

110 3169 160 3230 nie
187 3167 308 3247 antiqua
333 3163 473 3226 sacrificia
500 3163 660 3242 cessarunt)
680 3166 815 3224 omniurn
839 3164 968 3224 rationes
1000 3161 1121 3222 illorum

109 3252 239 3333 perleotd
269 3253 403 3314 eontinet
422 3259 490 3311 :est
508 3251 589 3311 enim
609 3247 812 3311 holocaustum
831 3249 863 3308 in
888 3247 1121 3326 recognitionem

109 3339 218 3398 divinoe
231 3339 409 3400 excellentie
423 3357 431 3395 ε
444 3345 488 3396 est
498 3333 722 3397 eucharisticum
734 3334 765 3394 in
775 3335 937 3412 gratiarum
953 3334 1118 3394 actionem:

109 3426 154 3480 ost
177 3419 412 3497 impetratortum
429 3423 592 3500 gratiarum
611 3419 788 3497 permerito
807 3417 915 3478 christi
928 3438 936 3476 ε
949 3425 993 3476 est
1021 3413 1120 3497 expio
1207 3415 1208 3420 ’

111 3499 219 3557 torium
239 3513 443 3576 peecatorum,
463 3506 533 3582 quia
559 3521 613 3582 per
640 3502 715 3563 illud
734 3504 813 3562 Deus
833 3503 870 3561 ud
891 3501 1121 3562 misericordiam

109 3586 269 3655 mouetur3
295 3592 398 3657 estque
426 3589 522 3647 missso
542 3587 718 3648 sacrificium
743 3589 932 3649 incruentum
951 3587 1031 3648 idem
1052 3605 1119 3666 pro·
1206 3613 1208 3634 ι
