2450 3975
103 147 165 211 100
350 142 414 207 tit.
429 145 458 205 6.
476 143 574 205 Tract.
590 141 622 203 1.
633 138 867 225 Deponentes.

146 248 216 311 600.
230 280 268 293 -
279 246 414 309 Diximus
426 288 435 317 ,
446 263 501 327 per
515 262 545 306 se
561 240 725 325 16666666;
744 262 814 307 nam
828 262 882 323 per
897 243 1031 306 accidens
1044 264 1113 309 con·

107 332 244 395 16666666
259 330 373 392 minuet
386 330 576 409 paenitentias
591 338 714 409 propter
724 334 819 405 justas
839 347 963 402 causas,
982 347 1052 390 mox
1065 350 1113 391 sa·

108 415 161 497 pri
187 416 204 476 6
222 414 360 477 1166666.
378 416 560 494 descriptas,
579 420 610 473 ct
628 414 777 511 signorum
792 412 892 493 (prout
916 415 1113 476 cummuniter

108 502 172 562 lii).
185 500 303 580 docent)
322 510 442 580 propter
461 500 553 560 animi
569 497 795 572 infirmitatem,
816 499 874 577 quai
887 498 1001 559 laboret
1019 500 1113 577 poeni·

109 593 188 653 1666.
217 585 304 647 6166
329 604 418 664 quam
435 590 588 646 censeatur
609 582 837 645 satisfactionem
861 583 1112 662 proportionatam

108 686 167 729 non
178 668 366 750 impleturus.
377 672 420 730 lta
433 671 474 730 D.
492 665 711 749 1166686661.
726 670 957 747 nauseasse.
972 670 1002 729 1.
1018 664 1112 747 (cujus

108 754 197 815 verba
217 754 339 817 inieritis
362 753 539 831 referentur)
552 754 643 816 Suus.
674 750 706 813 6.
733 754 782 813 58.
803 761 869 815 6661.
889 754 920 813 a.
948 772 1015 814 cum
1036 768 1112 812 cum·

107 840 211 914 muni,
222 842 302 901 Nau.
315 858 380 921 cap.
396 841 445 900 16.
458 839 551 898 611.
565 836 670 900 duaci.
690 858 724 920 p.
744 838 813 899 651.
829 858 861 899 6.
892 840 941 899 aa.
967 833 1030 897 Tol.
1058 831 1108 895 116.

108 924 214 1007 imp.
226 928 274 989 11.
291 944 324 985 6.
347 920 490 1005 11166116
505 942 537 1005 p.
549 926 618 985 160.
633 942 708 985 cers.
724 926 753 988 5.
775 922 861 986 stoa
870 944 902 985 6.
924 923 1110 1003 1166666.

107 1008 420 1090 (6616616161.
433 1028 466 1090 p.
486 1011 536 1069 10.
551 1027 583 1068 6.
606 1012 654 1070 10.
670 1008 762 1069 Saim.
774 1008 920 1091 deponit.
931 1026 956 1068 e.
969 1009 1017 1067 10.
1034 1014 1069 1087 6.
1080 1006 1111 1065 5.

107 1112 138 1153 6.
152 1094 202 1154 to.
217 1112 251 1155 oc
272 1095 322 1154 ulii
340 1096 448 1173 passim
462 1093 552 1153 etiam
569 1093 719 1172 rigidioris
730 1094 882 1155 sententiae
895 1100 1067 1161 sectatores,
1080 1096 1114 1150 ut

106 1177 218 1240 llobcrt
228 1178 347 1263 dapum
360 1198 426 1259 cap.
437 1181 484 1240 10.
492 1177 519 1259 §-
530 1179 561 1239 7.
574 1180 955 1259 Ρ6166661·.6.1.666661.1.
970 1173 1112 1239 61116161.

107 1261 421 1347 Alexamenus.
435 1283 495 1347 req.
510 1266 538 1325 6.
554 1266 661 1337 Ratio,
682 1264 750 1343 quia
769 1264 884 1325 tametsi
898 1262 983 1339 16616
1003 1260 1114 1321 divinas

104 1347 227 1425 fustitice
248 1350 394 1411 rationem
409 1351 545 1429 exigatur
565 1349 720 1409 satisfactio
738 1348 862 1429 peccatis
881 1347 1050 1427 adaequata,
1070 1352 1113 1405 ta·

107 1451 175 1493 men
191 1452 228 1493 ex
243 1434 343 1498 divino
356 1434 510 1498 clementia
532 1432 666 1494 habenda
683 1442 727 1493 est
746 1434 823 1493 ratio
835 1432 947 1495 virium
965 1432 1114 1510 61661166-

107 1518 183 1577 tium
200 1525 261 1578 tum
273 1519 423 1597 corporis,
440 1517 530 1597 quim
543 1517 727 1580 6611611666
744 1516 853 1578 dicitur
872 1518 905 1577 16
918 1516 1112 1579 Tridentino:

106 1600 250 1662 Divinam
256 1599 437 1663 clementiam
448 1602 544 1663 elmere
555 1647 565 1674 ‚
578 1621 615 1663 66
624 1601 707 1664 nabis
720 1601 827 1681 absque
836 1599 901 1663 6116
912 1596 1115 1679 satisfactione

169 1695 222 1747 616
232 1686 433 1748 dimittantur.
446 1690 521 1749 Nota
531 1687 606 1747 illud
619 1686 727 1767 ubsque
735 1683 800 1749 6116
808 1684 1011 1767 satisfactione
1020 1708 1033 1763 ‚·
1043 1701 1114 1763 ergo

132 1789 184 1831 cus
201 1791 261 1834 non
281 1772 483 1834 omnimodam
502 1773 743 1848 satisfactionem,
763 1771 815 1833 scd
835 1772 993 1849 aliqualem
1012 1788 1048 1829 ex
1062 1774 1114 1829 sua

106 1854 260 1924 clementia
268 1856 381 1919 1661661
390 1859 530 1936 exposcit.
539 1860 574 1919 Et
580 1857 638 1918 huc
648 1858 714 1919 lacit
726 1856 756 1917 id
766 1856 845 1935 quod
851 1856 925 1917 dixit
932 1858 971 1916 D.
987 1852 1116 1917 Thomas

108 1938 242 2012 Quodlib.
258 1943 288 2002 5.
302 1949 361 2002 ort.
374 1945 404 2002 1.
418 1942 454 2006 Si
460 1943 613 2025 continuat
624 1940 704 2024 quid
714 1940 848 2005 sacerdos
860 1938 1008 2002 mitiorem
1024 1938 1116 2001 satis·

104 2020 262 2101 factionum
275 2025 445 2105 imponat...
468 2025 664 2089 nihilominus
686 2026 829 2108 66611666
843 2023 885 2088 66
903 2022 1022 2104 aliquid
1038 2020 1115 2084 ulte·

105 2105 170 2206 ritis
183 2105 351 2255 6611961166
366 2111 486 2190 quodsi
500 2113 535 2174 in
553 2111 609 2174 666
628 2112 691 2174 uita
705 2131 766 2178 666
784 2113 930 2197 perficiet,
950 2113 984 2174 in
998 2129 1115 2194 purgo·

107 2200 182 2255 torm
198 2211 267 2258 auso
281 2202 334 2256 oet.

143 2279 205 2341 Nee
219 2279 314 2340 obstat
336 2277 418 2357 quid
434 2281 467 2340 in
487 2280 622 2342 Trident.
637 2278 659 2342 1.
677 2297 702 2340 6.
718 2280 925 2360 praescribatur
939 2281 1114 2359 penitentia

106 2361 286 2442 injungendo
299 2382 362 2424 csse
382 2383 437 2442 pro
455 2365 596 2442 qualitate
609 2365 789 2441 criminum3
803 2383 872 2426 narn
888 2364 1001 2426 ibidem
1021 2367 1114 2428 simul

106 2447 231 2525 dicitur,
252 2458 287 2508 ut
306 2446 395 2525 supra
408 2449 535 2510 relatum
547 2460 612 2524 est,
633 2459 668 2510 ut
684 2450 893 2514 satisfactiones
908 2449 1113 2528 imponantur,

105 2541 251 2612 66661166
273 2530 434 2614 pandentia
448 2533 624 2614 suqycsserit
648 2553 701 2615 pro
721 2531 865 2614 qualitate
885 2533 1065 2613 6616116666,
1087 2545 1116 2598 61

104 2619 308 2701 poeaitentiam
324 2616 466 2699 facultate
480 2617 627 2682 salutares
641 2628 670 2681 61
683 2618 891 2686 conuenientes.
904 2622 931 2682 N
933 2627 980 2681 ota
1005 2621 1037 2682 16
1055 2641 1114 2704 pro

103 2703 309 2785 poenitentiaea
326 2700 492 2784 facultate,
516 2705 547 2765 id
577 2715 621 2766 cst
645 2707 773 2786 spectati
793 2706 915 2766 illorum
938 2705 1115 2767 infirmitate

106 2787 749 2866 66666616,6166161166166161666161666,
765 2797 794 2850 61
808 2793 1005 2854 conuenientes
1010 2814 1023 2868 ‚·
1033 2793 1115 2860 6666

106 2872 185 2936 recti
197 2875 240 2932 ait
251 2875 360 2934 Auctor
371 2873 409 2935 de
419 2870 503 2955 offic.
522 2875 608 2956 Cenf.
624 2873 1031 2957 666666616116666661.
1047 2879 1113 2939 50..-

105 2954 255 3022 salutares
268 2975 331 3019 666
349 2957 670 3104 suntsutissoctioncm
709 2960 795 3024 61666
813 2978 878 3044 prae
891 2959 1040 3040 96666616
1059 2965 1113 3027 viu

104 3060 192 3123 poma
207 3059 265 3104 csse
279 3042 449 3123 pestitentes
465 3042 498 3103 ui
516 3053 624 3104 cantur
633 3091 642 3122 ,
659 3064 678 3106 6
714 3047 731 3108 ὸ
749 3053 784 3106 61
797 3043 830 3106 16
842 3061 942 3106 eorum
950 3045 1114 3125 6666161661

104 3134 230 3188 entant.
250 3128 297 3186 Sic
314 3127 401 3187 etiam
416 3127 696 3211 explicatdbciiyp.
718 3131 785 3192 161.
812 3129 938 3190 verbum
962 3131 1039 3192 illud
1062 3152 1114 3196 su·

105 3211 215 3277 tutores
228 3210 288 3276 ald
301 3219 347 3276 cst
376 3211 439 3286 ait,
458 3210 544 3276 utiles
555 3213 598 3276 66
618 3212 743 3277 salutem
756 3214 986 3298 penitentium.-
1002 3219 1114 3298 causes

103 3297 295 3359 suriuscnim
309 3257 456 3360 66661166
471 3295 568 3362 scium
578 3299 614 3362 66
639 3299 869 3372 naussum,
884 3309 920 3362 61
938 3301 1114 3382 penitentis

103 3376 197 3438 661611
209 3377 353 3445 consulat.
364 3383 505 3460 Apposite
517 3386 605 3447 etiam
625 3386 769 3458 1616166,
785 3387 920 3464 quemvis
939 3385 987 3448 hic
1007 3400 1114 3454 666166

104 3459 210 3520 merito
224 3473 398 3524 numeretur
409 3468 488 3527 inter
499 3468 663 3547 Scriptores
677 3469 831 3546 rigidiores
844 3471 937 3536 666161
954 3475 1112 3552 temporis,

102 3543 202 3598 166666
217 3561 251 3618 p.
269 3547 333 3605 116.
346 3564 379 3608 6.
402 3551 432 3608 5.
451 3551 494 3611 616
511 3552 584 3613 61611
596 3573 607 3612 a
618 3551 841 3632 satisfactiones
857 3553 1064 3633 uindicatiam,
1079 3569 1116 3622 ut
