2450 3975
122 212 162 275 00
353 206 417 272 llo.
431 210 461 271 0.
479 208 579 270 74044.
593 205 624 268 5.
637 206 683 268 De
693 200 896 269 1404144νί4444.

122 335 137 366 ι
163 318 207 375 tea
217 309 353 389 trajicere
368 322 436 369 eaeo
459 308 581 389 (uagam
597 306 680 368 enim
703 308 837 389 Proper,
858 284 995 391 vespe
1013 309 1087 385 olii,
1105 314 1128 375 si

122 423 136 451 ι
161 397 213 458 liat
227 396 265 456 de
277 394 421 457 industria
433 437 442 467 ‚
456 400 559 455 contra
570 395 670 453 Tuon.
686 391 791 454 Cocio.
804 410 834 474 p.
845 393 895 455 80.
907 402 967 455 orl.
982 397 1012 457 8.
1028 416 1061 457 o.
1078 400 1127 459 47.

122 507 135 536 ι
159 491 189 544 44
208 483 304 544 Dico.
333 481 385 560 qui
415 479 597 541 contrarium
628 476 780 555 probabile
809 477 968 557 4441444444)
991 481 1060 545 licet
1082 502 1130 547 444

123 591 136 621 a
160 584 289 649 expuere
305 562 429 628 omnini)
444 565 566 632 deceat,
581 561 677 621 Dico.
692 568 716 621 4.
726 563 758 622 4.
769 558 805 623 ά4
820 579 898 625 socr.
920 581 977 625 444.
994 566 1044 627 57.
1058 576 1127 649 etp.

122 676 136 706 a
160 654 190 715 4.
208 660 230 715 a.
249 655 280 713 4.
297 668 355 713 rea.
371 650 438 711 404.
449 646 517 709 cide
534 645 637 708 144444.
662 652 685 706 4.
707 645 737 705 7.
754 662 779 706 4.
802 648 830 707 6.
853 655 883 708 44
900 647 989 711 cord.
1002 648 1131 734 deLupo

121 762 135 791 ι
159 758 191 801 o.
212 736 331 799 650144
353 742 437 795 notat
449 732 626 794 sentenciam
645 730 731 791 iscam
752 732 848 793 Toou.
861 740 888 794 el
901 732 996 795 Dico.
1014 737 1054 799 ad
1076 737 1132 799 hoo

121 846 135 876 a
159 822 287 893 servire,
307 830 342 880 04
361 816 491 879 studiosa
501 816 605 876 dentes
622 812 692 875 4044
711 832 893 895 expurgare,
906 835 946 879 ne
964 819 1037 897 quid
1054 821 1132 883 10444

119 932 134 961 ι·
158 926 226 968 casu
243 904 378 977 decidat,
396 920 457 963 nou
481 899 619 965 tenearis.
638 902 677 961 ll.
689 900 887 979 Sanguinem,
903 905 950 965 vel
962 905 1055 967 alium
1074 906 1133 969 bu·

121 1017 134 1045 ι
157 1007 272 1052 morem
290 1006 327 1049 ex
346 988 441 1066 capite
453 984 652 1057 defluentem,
667 992 698 1045 44
715 986 862 1063 guttulam
876 1004 976 1064 aqum,
989 998 1041 1050 aut
1054 992 1130 1065 viui,

119 1102 132 1130 a
158 1095 225 1135 casu
247 1092 300 1153 per
317 1073 500 1134 ablutionem
522 1072 603 1142 oris,
618 1071 666 1131 vel
685 1070 831 1149 guttulam
841 1070 1034 1149 jusculidaim
1043 1094 1132 1156 sopor

119 1186 132 1214 ι
158 1162 353 1240 exploratur,
371 1176 426 1238 per
445 1157 568 1219 modum
584 1156 684 1216 salivae
695 1155 743 1216 eui
756 1156 847 1217 mixta
859 1165 922 1229 444,
939 1159 986 1220 vel
1006 1160 1130 1224 culicem

119 1272 132 1299 ι
157 1247 237 1308 iuter
251 1244 458 1326 respirandum
478 1242 625 1320 trajicere.
644 1241 729 1303 114440
751 1250 812 1317 est,
827 1242 898 1320 quia
912 1242 975 1307 bac
995 1255 1048 1307 404
1068 1266 1129 1311 nou

118 1357 132 1386 ι
156 1330 455 1404 sumuntur‚scilioet
466 1330 504 1389 ab
522 1329 769 1398 4444404444,404
780 1345 842 1387 nou
854 1344 910 1405 per
922 1329 1045 1393 modum
1057 1334 1128 1408 eibi,

118 1442 131 1469 a
155 1425 206 1477 404
218 1415 315 1493 potuis.
335 1413 408 1476 Vide
423 1412 559 1495 Fopood.
571 1431 661 1493 proco.
672 1414 701 1473 5.
712 1429 736 1472 0.
755 1414 783 1473 ll.
800 1411 890 1473 eard.
904 1412 940 1477 da
959 1416 1041 1497 Lupo
1061 1415 1084 1479 4.
1101 1438 1126 1480 4.

118 1526 131 1553 ι
155 1519 187 1561 o.
199 1502 313 1561 45111.
325 1500 355 1559 Si
376 1507 524 1569 aromata,
538 1498 585 1557 vel
603 1497 813 1559 foliumlabaoi
825 1516 862 1557 ex
874 1516 959 1561 eausa
973 1502 1019 1561 ori
1032 1502 1130 1581 impo-
1219 1576 1220 1587 χ

117 1611 130 1641 ι
154 1604 227 1658 nas,
244 1586 394 1655 mastices,
409 1583 454 1644 vel
473 1582 547 1662 quid
561 1582 641 1646 aliud
654 1592 770 1663 gustes,
784 1582 873 1645 modo
889 1583 965 1646 nibil
977 1591 1132 1649 transmit·

116 1696 130 1726 a
155 1680 206 1734 las.
225 1673 357 1753 Proepoo.
370 1669 404 1731 io
418 1670 447 1730 5.
463 1686 497 1750 p.
511 1686 542 1749 q.
556 1670 587 1727 9.
603 1674 661 1728 orl.
677 1670 725 1729 80.
740 1666 811 1729 dial.
826 1670 854 1728 4.
866 1686 950 1731 nem.
966 1672 1016 1731 59.
1037 1673 1127 1735 cord.

116 1784 128 1811 a
153 1756 189 1820 ά4
204 1759 286 1837 Lupo
300 1776 327 1816 r.
341 1773 416 1818 mor.
428 1752 449 1815 4.
464 1758 493 1815 4.
507 1754 536 1816 ά.
552 1754 581 1814 9.
599 1754 681 1815 ldem
690 1754 728 1813 do
738 1752 820 1815 fumo
832 1754 925 1815 tabaci
938 1756 1126 1820 doeelGroo.

116 1866 129 1893 a
153 1840 187 1903 44
203 1844 233 1902 5.
244 1861 276 1921 p.
290 1860 314 1902 o.
330 1843 360 1901 6.
379 1848 401 1901 4.
421 1841 469 1901 40.
483 1838 514 1901 ά.
527 1841 559 1899 9.
574 1857 606 1899 n.
628 1840 657 1899 4.
674 1836 754 1917 (lieet
773 1838 912 1917 indecens
930 1840 1016 1902 valde
1033 1842 1065 1904 id
1090 1844 1130 1903 vi·

115 1951 128 1977 n
153 1926 278 1998 dealur,
293 1924 349 1985 nisi
360 1923 439 2002 justa
455 1942 492 1985 ex
512 1941 597 1984 causa
611 1922 675 2004 fiat)
690 1932 720 1984 44
732 1921 836 1986 anob.
853 1930 875 1983 4.
891 1923 919 1983 7.
935 1942 959 1984 4.
977 1927 1006 1987 6.
1025 1927 1128 1991 ubido

115 2036 128 2064 a
152 2009 283 2088 ejusdem
302 2010 424 2086 pulvere
445 2027 499 2087 per
517 2027 602 2070 nares
619 2017 741 2071 44444444
755 2009 840 2070 idem
864 2011 1023 2092 colligilex
1035 2015 1126 2076 Scor.

113 2121 126 2150 a
150 2103 180 2156 44
193 2095 265 2175 Fae.
282 2095 362 2153 Idem
376 2102 478 2154 4404444
490 2092 585 2153 Dion.
601 2111 633 2173 p.
644 2096 675 2156 8.
694 2100 731 2153 tr.
749 2095 780 2155 7.
800 2111 830 2154 r.
847 2094 877 2154 5.
896 2094 1032 2158 cardea
1044 2099 1128 2182 44090

113 2205 126 2235 a
149 2181 333 2262 limpdiae.
357 2185 380 2239 4.
402 2181 431 2239 4.
451 2176 481 2240 ά.
499 2179 529 2238 9.

154 2333 168 2363 a
188 2309 219 2367 2.
245 2305 401 2368 Probabile
418 2313 482 2378 444,
503 2322 565 2368 non
579 2307 727 2388 impedire
744 2307 1005 2384 communionem,
1020 2307 1046 2370 si
1061 2309 1125 2372 140-

111 2417 125 2448 4
148 2393 260 2453 stolum
275 2393 369 2470 ligni,
383 2391 516 2466 41444444,
539 2395 706 2473 unguium,
729 2395 775 2453 vel
799 2393 935 2472 lapillum
955 2395 1125 2476 deglutias3

111 2505 128 2533 »-
148 2479 218 2558 quia
243 2495 305 2538 nou
328 2475 418 2538 habel
443 2479 589 2540 rationem
612 2479 693 2551 cibi,
711 2481 758 2539 vel
786 2477 883 2558 polius.
901 2477 995 2540 Dion.
1011 2475 1033 2540 l.
1054 2498 1079 2540 o.
1094 2500 1123 2542 r.

109 2591 123 2619 a
148 2566 196 2626 58.
215 2569 245 2623 44
266 2569 305 2624 tr.
329 2561 365 2624 de
380 2559 465 2626 celeb.
490 2579 518 2622 r.
544 2565 593 2624 64.
622 2581 659 2624 ex
688 2563 818 2626 Ledesm.
843 2569 870 2623 44
892 2561 1000 2625 Sooob.
1021 2573 1126 2626 contro

109 2675 124 2702 4
148 2647 365 2731 14444414ρί44.
393 2651 499 2729 Loym.
525 2656 555 2708 44
580 2643 677 2720 alios,
696 2667 825 2728 quorum
856 2649 1001 2711 sententia
1031 2651 1126 2713 tutior

109 2759 123 2788 »
145 2741 201 2794 est.
223 2731 296 2794 vida
311 2731 401 2795 card.
420 2732 456 2795 ά4
472 2735 553 2816 liupo
566 2778 575 2808 ‚
588 2741 619 2794 44
628 2733 733 2796 Eacob.
1126 2743 1130 2756 “

150 2849 214 2910 4-5.
232 2849 299 2910 Non
320 2848 390 2908 14444
407 2852 629 2924 communicare
644 2849 689 2912 his
704 2852 873 2915 casibusal.
889 2853 919 2914 Si
930 2851 1123 2928 saccharum,

107 2962 121 2990 a
146 2936 294 3014 liquorem
319 2934 468 3012 glycirizaa
487 2939 539 3017 ore
565 2938 697 2998 solutum
726 2955 795 3000 oum
814 2940 904 3000 salira
928 2938 1068 3017 trajiciaa.
1091 2941 1124 3002 Si

107 3046 120 3073 a
145 3019 217 3082 verb
236 3019 361 3078 dubium
380 3019 436 3097 sit,
458 3019 533 3082 urim
554 3022 628 3098 quid
648 3024 861 3102 deglutiveris‚
880 3023 928 3084 vel
951 3042 991 3085 au
1012 3024 1125 3088 laetum

106 3132 119 3159 a
144 3106 183 3168 sit
201 3113 268 3184 post
279 3104 505 3180 duodecimam,
521 3107 717 3186 probabiliter
735 3108 820 3170 docel
832 3104 1001 3186 44444444.
1018 3110 1048 3170 4.
1060 3112 1123 3174 cl.

106 3218 118 3245 a
143 3210 168 3253 4.
187 3195 216 3252 4.
230 3199 333 3253 contro
350 3189 459 3252 Saucia.
475 3191 613 3273 Fopund.
627 3212 687 3255 non
702 3194 847 3273 impedire
859 3195 1122 3271 communionem,

105 3299 119 3328 a
143 3275 629 3355 velsacrilieium;oichion.l.e.
640 3298 667 3340 r.
678 3281 726 3340 29.
736 3279 808 3340 11.Si
818 3280 931 3358 vesperi
943 3279 1125 3342 decumbens
1219 3347 1220 3350 ,

105 3384 118 3411 a
142 3361 304 3435 aliquidori
313 3371 415 3425 eoulra
421 3363 610 3423 raucedinem
620 3363 809 3442 imposueris,
821 3365 877 3424 nisi
890 3372 986 3424 cortus
995 3364 1047 3437 sis,
1055 3375 1124 3442 post

104 3463 118 3492 a
143 3442 273 3502 medium
287 3448 380 3506 noeais
390 3456 420 3506 te
433 3446 508 3507 nibil
524 3449 728 3508 transmisisse.
741 3450 783 3508 144
798 3448 888 3509 Scor.
902 3443 974 3506 Fili.
986 3447 1124 3511 Cerci-de

107 3543 120 3570 ³·
146 3523 226 3612 4090
235 3521 257 3580 4.
273 3544 300 3584 4.
315 3547 348 3586 n.
366 3530 415 3588 57.
434 3539 462 3588 44
477 3529 543 3591 olii.
558 3533 789 3592 licitumaulem
801 3542 866 3606 osb,
880 3532 957 3592 40444
967 3529 1124 3613 horologia

14 3655 20 3666 .
104 3623 117 3648 ι·
141 3599 320 3663 dissonantia
343 3612 468 3682 quodvis
495 3614 599 3690 sequi,
629 3617 718 3676 eliam
754 3617 914 3690 ultimum,
945 3613 1035 3680 modi)
1057 3636 1129 3683 000·
