2450 3975
133 140 192 203 548
402 135 465 203 ert.
474 138 503 203 i.
519 140 616 201 Troes.
626 140 656 201 4.
665 140 712 201 De
725 138 910 221 pertimetis.

131 246 200 301 eota
212 236 334 303 micent
343 284 354 317 ‚
369 257 405 302 ec
416 238 446 301 si
462 238 524 303 4000
535 238 658 302 minimi
668 236 868 320 planxissent.
888 238 1092 305 confirmetur
1108 262 1145 307 ex

133 324 242 385 Ritunli
270 326 355 388 lium.
384 324 437 387 ubi
457 325 567 387 dicitur
584 348 592 387 ε
612 326 653 388 la
675 331 795 406 peecata
817 322 907 404 fusili
928 326 1145 404 recidentibus,

131 406 327 471 utilissimum
345 406 618 490 fueritsonsniere,
631 410 772 489 utsoepi,
784 412 859 490 pars
873 407 962 484 004004
973 412 1007 472 in
1026 432 1145 487 menso,
1213 453 1215 459 ι

131 490 179 555 004
192 496 277 557 certis
294 493 398 560 diebus
419 493 616 572 solemnibus,
640 493 858 575 confiteantur,
879 503 907 556 et
918 497 968 569 ,si
984 498 1144 579 expediat,

130 574 355 659 miscuisset.
369 580 542 659 Principalis
560 587 663 640 sutem
683 579 810 642 efficacia
829 581 973 659 propositi
988 583 1035 661 (ut
1054 582 1144 660 supri

131 662 296 743 innuimus)
315 665 446 727 consistit
458 666 490 725 40
511 664 672 725 evellendis
690 663 892 727 occasionibus
914 665 1057 743 proximis
1079 686 1143 745 pcc·

132 748 236 823 cendi,
259 750 361 811 autin
383 748 488 811 mediis
512 748 621 809 debitis
638 746 836 819 adhibendis,
859 757 895 809 ut
919 749 1012 828 ipsc,
1034 751 1060 813 si
1082 754 1144 813 sint

132 834 318 907 necessarie,
330 851 366 895 ex
380 833 522 913 proximis
536 832 610 896 liant
628 841 760 899 remote.
774 832 859 897 Unde
875 832 925 897 hic
939 834 1098 916 diligenter
1106 837 1144 899 de

131 912 178 977 iris
197 926 421 997 cgerecportet.
845 963 850 968 -

169 1012 238 1071 454.
261 1045 300 1056 -
317 1013 469 1086 Queritur
483 1014 536 1074 lll.
558 1012 716 1087 Quomodo
739 1029 771 1073 se
787 1029 890 1091 gerere
903 1012 1010 1085 debent
1031 1016 1144 1076 conlas-
1211 1043 1215 1090 t

130 1095 223 1155 sarius
242 1113 310 1156 cum
335 1095 390 1170 iis,
416 1098 468 1176 qui
485 1106 555 1159 sunt
572 1097 604 1159 in
621 1098 772 1160 occasione
795 1098 936 1177 peccandi
959 1098 1020 1184 (444
1039 1098 1144 1161 stuic
1213 1115 1214 1146 ³

129 1177 284 1241 dubitatur
297 1184 327 1243 4.
341 1182 512 1261 Quotuplex
535 1183 574 1243 sit
597 1183 727 1255 occasio,
743 1190 774 1241 et
797 1183 959 1261 quotuplex
977 1185 1143 1264 periculum

130 1266 293 1343 peccandi?
309 1268 427 1329 Occasio
441 1268 634 1346 distinguitur
645 1270 675 1327 l.
687 1268 720 1327 in
736 1267 920 1344 proximem,
934 1283 966 1335 es
982 1280 1141 1333 remotam.

130 1350 248 1413 Occasio
266 1360 378 1414 remota
388 1360 432 1413 est
445 1352 513 1425 ills,
526 1353 559 1412 40
574 1369 633 1432 qus
650 1349 785 1414 homines
798 1353 952 1414 constituti
964 1356 1142 1433 regulariter

130 1443 164 1493 ut
179 1435 346 1512 plurimirm
363 1456 424 1499 000
447 1444 579 1516 peceant.
594 1436 785 1499 Occasionem
799 1436 870 1499 rcrd
881 1437 1054 1518 proximam
1068 1442 1141 1517 alii,

130 1526 164 1577 ut
178 1520 259 1579 Noc.
271 1522 360 1582 More.
383 1540 448 1603 cup.
463 1522 493 1582 5.
507 1539 539 1581 0.
554 1522 603 1580 44.
618 1522 698 1581 Bon.
710 1518 746 1582 dc
761 1528 852 1583 matr.
864 1520 934 1583 dist.
949 1526 980 1583 4.
991 1543 1025 1603 p.
1041 1526 1091 1588 44.
1107 1546 1139 1588 0.

130 1604 179 1662 44.
198 1608 301 1687 loyor.
321 1601 357 1666 de
374 1624 453 1687 prees.
473 1624 499 1667 e.
522 1607 553 1665 4.
570 1624 655 1665 auen.
673 1607 703 1666 0.
731 1606 819 1665 Cone.
844 1624 876 1685 p.
901 1607 970 1667 400.
993 1628 1026 1668 n.
1049 1611 1099 1673 45.
1113 1617 1142 1669 et

128 1688 216 1769 Sper.
231 1709 264 1751 0.
278 1692 346 1753 545.
361 1692 510 1753 definiunt
527 1707 589 1751 esse
605 1690 704 1762 illam,
724 1693 757 1751 in
771 1709 829 1769 qus
849 1690 982 1750 ereditur
995 1695 1141 1771 poeniteus

129 1790 283 1853 nunquam
312 1776 359 1838 vel
383 1776 453 1839 rard
476 1775 493 1837 4
516 1785 634 1856 peceato
660 1774 817 1835 abstinere.
841 1775 899 1835 Sed
918 1775 1055 1839 delinitio
1078 1777 1141 1853 heac
1213 1801 1214 1824 r

128 1872 190 1917 000
213 1861 330 1937 placct3
353 1860 459 1923 melitis
479 1859 637 1928 dicendum
656 1878 724 1921 cum
741 1857 850 1925 Sensit.
871 1861 942 1923 Dee.
966 1858 990 1921 4.
1011 1864 1041 1922 4.
1059 1882 1086 1929 0.
1107 1865 1139 1925 8.

126 1958 160 2000 a.
183 1943 212 2002 4.
227 1942 346 2006 Hoizm.
364 1964 395 2006 0.
416 1948 485 2006 500.
501 1946 583 2025 Lupo
599 1942 632 2012 d.
648 1946 696 2005 44.
712 1962 744 2007 a.
759 1945 927 2010 4408000.
942 1943 973 2008 d.
995 1948 1045 2010 5⁶2.
1062 1966 1090 2010 s.
1107 1950 1139 2010 2.

126 2043 211 2086 0000.
234 2029 266 2088 4.
288 2030 371 2089 Ceret.
391 2033 503 2090 Porsen.
524 2027 702 2112 depereatis
721 2037 801 2108 peri.
818 2030 848 2094 4.
863 2048 929 2111 sep.
948 2031 979 2095 2.
990 2030 1144 2112 ,Wiqondc

127 2119 166 2170 tr.
182 2113 211 2172 5.
224 2132 255 2174 ee.
272 2114 319 2174 50.
336 2112 425 2175 Grais
439 2111 490 2175 444.
509 2116 537 2174 5.
548 2131 580 2172 0.
596 2115 666 2188 052.
687 2113 764 2178 Vico
776 2113 811 2176 de
820 2133 901 2197 pena.
920 2134 973 2196 qu.
986 2117 1015 2182 5.
1026 2125 1089 2192 ort.
1106 2122 1139 2186 4,

126 2214 158 2256 n.
174 2199 203 2259 5.
217 2201 255 2260 Ρ.
277 2200 397 2280 Seposcri
412 2197 498 2279 0004.
519 2197 608 2259 iactr.
624 2216 650 2258 c.
671 2199 701 2258 5.
717 2205 747 2258 04
757 2201 849 2266 Rene.
871 2216 898 2269 c.
921 2201 952 2260 4.
968 2217 999 2280 q,
1012 2201 1044 2265 4.
1064 2221 1094 2264 r.
1108 2205 1139 2265 4.

127 2281 207 2360 qudd
221 2285 334 2346 occasio
358 2285 492 2364 proxima
508 2300 603 2366 perse
618 2292 662 2346 est
677 2283 744 2354 4440,
759 2284 792 2344 40
813 2303 872 2366 qua
894 2282 1032 2346 homines
1057 2304 1142 2349 ecm-

90 2371 92 2376 ’
125 2371 259 2430 munirer
275 2379 308 2430 ut
322 2367 487 2449 plurimirm
505 2377 649 2449 peccant:
665 2370 799 2448 proxima
810 2379 909 2435 eutem
920 2368 1139 2450 percoctum,
1213 2380 1215 2391 '

126 2453 189 2513 sive
204 2457 363 2533 respectiva
384 2462 428 2515 cst
449 2455 499 2514 illa
512 2498 520 2526 ‚
534 2473 620 2531 quse,
634 2453 704 2519 licit
729 2471 783 2534 per
799 2471 831 2527 se
857 2463 993 2534 respectu
1008 2455 1139 2524 aliorum

127 2558 187 2601 000
204 2543 243 2603 sit
259 2542 413 2621 proxima,
430 2539 466 2601 ed
484 2539 565 2619 quid
589 2556 649 2600 000
672 2540 711 2603 sit
724 2551 792 2620 apta
812 2539 850 2604 de
869 2557 922 2606 sua
933 2549 1040 2606 natura
1055 2559 1140 2605 eom·

126 2627 258 2688 maniter
276 2626 416 2688 inducere
440 2624 576 2688 homines
608 2624 646 2684 sd
673 2634 846 2702 peecatum,
871 2633 972 2691 tamen
1002 2635 1139 2705 respectu

125 2710 249 2786 alicujus
262 2719 307 2770 est
319 2712 453 2790 proxima
464 2731 473 2788 3
483 2711 531 2771 vel
550 2711 620 2789 quin
644 2708 694 2769 hic
707 2709 740 2769 40
758 2710 809 2768 ills
825 2709 993 2782 occasione,
1006 2711 1062 2770 etsi
1075 2729 1139 2772 non

124 2793 185 2856 lcrd
198 2811 332 2873 semper,
356 2793 624 2874 perfrequenter,
641 2793 813 2867 frequenter
829 2801 928 2854 tamen
947 2793 1071 2870 cecidit3
1089 2796 1140 2858 vel

125 2881 195 2959 quia
209 2923 218 2951 ,
231 2879 360 2956 spectati
384 2877 448 2954 ejus
467 2879 616 2957 praeteriti
634 2878 810 2956 fragilitate,
828 2878 990 2956 prudenter
1014 2878 1139 2942 timetur
1213 2952 1214 2967 χ

125 2966 216 3044 ipsius
239 2965 348 3042 lapsus.
374 2964 458 3022 Unde
475 2979 631 3040 perperam
650 2963 754 3023 dicunt
772 2964 853 3023 Neo.
870 2981 896 3023 0.
917 2963 948 3026 5.
975 2981 1060 3022 aum·
1085 2964 1137 3026 47.
1213 3014 1214 3017 ,

124 3054 199 3131 Lep.
212 3046 282 3110 dist.
299 3048 348 3108 44.
360 3065 393 3108 n.
413 3049 481 3108 450.
494 3055 524 3107 et
540 3046 616 3109 Viva
628 3065 658 3126 q.
675 3049 705 3106 5.
727 3054 787 3107 ort.
802 3049 832 3107 4.
847 3066 878 3108 0.
905 3049 933 3108 5.
953 3066 1022 3107 cam
1037 3045 1135 3126 aliis,

125 3153 185 3198 000
199 3151 261 3196 esse
285 3133 318 3194 in
342 3133 491 3194 occasione
511 3131 947 3212 p1·oximnadolesccntes,qui
970 3131 1137 3196 laborando

152 3326 184 3383 (l)
192 3324 279 3370 Conlcr
287 3321 449 3383 compendium
457 3319 529 3380 hujus
538 3325 653 3368 tractatas
662 3321 693 3368 de
698 3321 863 3370 ocmsionsriis
872 3328 898 3369 et
905 3321 1015 3369 recidivis
1021 3321 1140 3382 inl’ml

123 3396 336 3450 Conserrericrum,
352 3409 422 3452 quam
439 3395 463 3438 in
481 3394 527 3438 fine
540 3393 624 3454 Operis
639 3393 759 3449 invenies,
768 3408 822 3455 esp.
842 3395 881 3442 tv.
897 3401 922 3442 el
931 3395 960 3441 V.
971 3411 995 3441 0.
1004 3395 1045 3444 Oi.
1056 3419 1086 3434 ··
1096 3396 1137 3448 &2

121 3465 194 3507 autin
205 3468 274 3510 llam.
286 3467 335 3524 Ap.
346 3471 414 3513 treet.
425 3467 502 3514 ultim.
514 3479 539 3514 a.
547 3468 605 3514 4.-
618 3467 655 3514 45.
668 3465 778 3526 positum.
