2450 3975
222 238 295 316 Cap.
310 234 340 294 b.
355 232 401 294 De
416 229 546 294 Eucbar.
559 238 595 293 ut
607 238 651 294 esi
662 231 848 314 sacrificium.
865 231 942 295 Dub.
957 231 989 296 8.
1051 235 1103 296 bii

196 333 348 390 celebretur
358 335 457 402 festum
469 332 573 400 sapien
594 333 656 387 nst
666 337 877 400 reponaturss.
885 337 1106 388 Sacramentum.

196 413 222 460 t.
236 407 266 460 Si
279 419 401 476 presens
414 407 451 461 sit
472 407 605 468 cadaver,
619 406 662 460 uel
681 407 798 462 dicendo
817 407 854 461 cit
870 407 954 462 misso
975 407 1107 462 anniuer-

196 495 285 534 carro.

97 562 147 616 tii
165 563 217 626 Qu.
231 562 337 613 itttn
355 558 495 628 obliquius
514 559 603 614 eiicere
623 561 737 615 missam
756 559 893 621 votivam,
905 559 1060 627 satisfaciat
1081 557 1107 612 ei

195 634 271 688 dieat
282 632 336 686 diei
345 631 511 701 propriam?

94 715 146 770 tib
163 717 215 780 Qu.
228 717 275 767 W.
287 717 421 779 Quonam
433 713 489 765 sint
498 711 667 766 adementia
680 712 756 766 circo
769 714 882 766 modum
890 712 999 766 dicendi
1006 713 1104 764 niceas

193 787 321 839 votivas?
333 789 366 837 Et
379 790 402 837 t.
415 789 453 838 De
471 800 586 838 nurnero
603 787 772 839 orationum.
785 789 810 840 2.
826 789 863 840 De
877 786 968 838 missis
978 785 1104 838 babenti·

194 859 401 913 busintroi'tum
411 859 622 925 particularem,
635 859 713 912 eteb
734 863 772 911 De
783 859 874 911 misses
887 863 1036 912 beatorum
1044 872 1105 911 eon·

194 933 275 987 cessis
287 933 375 986 alieni
384 933 492 996 ordini,
503 932 546 986 uel
557 933 628 986 loeo.
637 935 663 984 4.
676 937 715 986 De
726 934 811 987 missa
824 937 871 988 SS.
883 933 1041 996 Trinitatis,
1054 938 1104 985 An·

192 1005 466 1074 peiorum,Spiritsts
483 1005 591 1069 sancti,
604 1006 690 1060 beata
706 1007 809 1076 Virpin.
825 1007 942 1069 Morio,
963 1013 989 1062 et
1001 1008 1032 1062 eie
1051 1009 1103 1060 se-

192 1081 298 1147 quiem,
312 1085 364 1132 etc.

88 1163 143 1218 tii
159 1160 322 1287 difflantur
331 1160 429 1229 atiquo
443 1159 552 1214 decreta
563 1158 654 1228 inopis
665 1159 803 1214 notabilia
815 1162 891 1217 eirea
901 1137 1050 1218 missarum
1062 1178 1103 1218 ce·

204 1251 218 1288 e
235 1235 383 1288 rationem.

129 1317 273 1384 Quonim
285 1315 329 1369 bic
342 1315 443 1375 obiter,
458 1328 583 1383 quanam
594 1328 630 1368 eea
642 1328 729 1369 cuneo
742 1315 823 1370 liceat
842 1330 979 1383 caponerc
990 1321 1037 1372 ss.
1050 1322 1102 1372 So·

191 1394 373 1442 momentum.
393 1387 496 1440 Deinde
515 1388 668 1456 quaritur,
690 1389 790 1456 quibus
810 1389 841 1442 in
861 1388 990 1443 Ecclesiis
1014 1391 1104 1460 possit

191 1461 333 1516 morcourt
348 1465 562 1516 Sacramentum
585 1460 776 1516 Encbaristia.

132 1655 203 1720 572.
217 1689 255 1703 -
271 1591 378 1721 Aura
390 1657 489 1718 omnis
504 1653 553 1718 hio
568 1657 660 1719 reicit
678 1664 842 1738 praenotore
861 1657 1019 1721 Rubricsm
1033 1661 1102 1722 ms-

89 1742 180 1815 satis,
196 1761 263 1820 quse
281 1741 350 1802 iecit
362 1742 400 1801 od
418 1761 473 1811 eu,
497 1760 563 1819 quoe.
584 1741 660 1802 iniri
681 1743 869 1804 membratim
885 1744 1007 1804 dicenda
1023 1755 1101 1806 sunt.

90 1829 130 1888 In
142 1826 272 1888 Rubriae
280 1845 314 1908 p.
327 1829 356 1886 i.
369 1829 414 1887 tit.
424 1828 474 1887 20.
488 1825 663 1887 sichobetur
676 1850 686 1886 .·
700 1823 819 1898 Altero,
830 1827 930 1908 inquo
941 1830 994 1890 SS.
1005 1829 1103 1892 misses

88 1909 272 1990 sacrificinm
286 1907 489 1971 celebrandum
503 1917 565 1981 cst,
579 1908 660 1970 debet
670 1927 729 1971 esse
743 1907 892 1991 lapideum
909 1911 945 1974 ab
957 1912 1103 1996 Episcopo

88 2003 309 2067 menecratum,
328 1990 375 2054 uel
386 1990 503 2055 saliem
527 2013 585 2055 ora
604 1992 723 2075 lapideo
745 1993 882 2057 similiter
895 1996 933 2059 ab
958 1998 1104 2079 Episcopo

89 2087 259 2140 cortsecrata
274 2078 308 2138 in
323 2079 496 2153 cuiusuis,
510 2096 577 2157 qna
596 2087 659 2139 tans
675 2078 846 2161 temptasti,
862 2090 897 2142 eet
915 2082 1059 2154 bostiorn,
1074 2090 1103 2144 ct

88 2163 234 2244 enojorens
254 2172 370 2244 purtem
391 2160 491 2225 calicis
507 2164 618 2245 capiat.
633 2168 696 2225 Hoc
722 2163 816 2227 uitare
835 2168 986 2247 operiatur
1010 2168 1102 2230 tribas

89 2248 210 2329 ruoppis
230 2266 281 2309 seu
295 2244 416 2309 tobaleis
427 2247 547 2308 nenndis
567 2248 604 2309 ab
617 2249 778 2329 Episcopo,
793 2247 839 2310 uel
854 2250 891 2312 ab
907 2249 967 2312 atio
980 2250 1102 2313 habente

88 2339 261 2413 potestatem
273 2330 427 2393 benedictis
442 2373 451 2404 ,
475 2332 624 2412 sipariori
641 2331 746 2393 saitem
769 2332 893 2414 obionpet
907 2378 914 2407 ‚
929 2354 996 2416 quse
1010 2355 1102 2416 usqne

89 2415 251 2476 odiernum
264 2415 436 2497 pertinpot,
455 2415 570 2484 duobos
589 2412 659 2477 otiis
676 2414 872 2488 breuioribus,
889 2416 935 2479 uel
958 2427 1021 2481 cent
1044 2421 1102 2481 dee·

86 2497 212 2583 plicato.
230 2498 332 2563 Pollio
353 2519 467 2583 qnoque
487 2508 611 2561 ornetur
636 2498 760 2575 eoloris,
781 2502 880 2581 quood
901 2504 969 2584 fieri
980 2514 1098 2585 potest,

87 2584 151 2647 diei
161 2585 236 2664 scsto
253 2584 300 2647 oei
310 2582 405 2666 officio
417 2585 624 2647 convenientis.
637 2587 733 2664 Super
746 2584 840 2647 aliare
855 2586 1008 2649 collocetur
1027 2608 1101 2652 crus
1154 2621 1157 2635 =

87 2669 124 2731 in
133 2670 247 2746 medio,
261 2668 473 2733 etcondciobro
488 2666 593 2731 saltem
606 2668 664 2731 duo
678 2690 744 2731 cuno
759 2668 888 2732 condetis
901 2672 1101 2738 accensisbina

89 2764 119 2815 et
131 2755 199 2817 inde
212 2755 246 2817 in
266 2765 390 2835 utroque
411 2752 653 2837 oportuerant
671 2756 763 2817 crucis
778 2754 879 2835 pedem
902 2767 1034 2837 ponatur
1055 2770 1102 2822 to-

87 2836 185 2916 beiln,
198 2841 388 2901 secretarium
401 2837 617 2920 appellatorio
630 2857 721 2900 cornu
733 2837 874 2920 Epistulae
883 2842 1017 2906 cassinus
1029 2864 1101 2925 snp-

84 2924 242 3003 ponendus
254 2922 391 3000 Mincii,
409 2932 438 2983 et
451 2922 488 2983 ob
501 2922 696 3004 eademyporte
716 2920 857 3005 Epistola
869 2935 992 3006 potetur
1003 2948 1099 2991 cereus

87 3007 130 3068 aa
146 3004 334 3070 cierationem
353 3010 538 3070 Soccanrenti
552 3008 769 3082 accendendus,
786 3028 884 3089 parco
900 3002 1098 3093 campanula,

86 3091 231 3171 ampullae
244 3094 343 3154 vitreae
356 3093 421 3154 uini
429 3139 439 3169 ,
459 3101 489 3152 ct
509 3112 597 3172 aqnoe
613 3112 679 3155 cum
695 3092 842 3176 pelvicula
853 3140 861 3164 ,
874 3104 904 3156 ct
916 3098 1100 3178 monesterpio

86 3176 199 3260 rnrmdo
217 3178 251 3238 in
264 3174 436 3257 fenestella,
451 3195 502 3239 sen
519 3177 553 3236 in
567 3196 665 3258 parua
681 3196 783 3241 mensa
796 3179 905 3241 aditae
915 3190 1097 3260 praeparata.
1127 3196 1129 3235 i

85 3260 184 3341 Super
198 3259 293 3323 abore
314 3260 394 3323 nibil
413 3262 534 3323 osnninb
553 3270 685 3343 ponatur
695 3309 704 3339 ,
723 3263 801 3345 quod
814 3262 853 3323 od
874 3264 971 3325 missso
985 3265 1096 3346 sacrifi·
1122 3260 1130 3343 jj

87 3344 169 3405 einen
177 3390 188 3421 ,
205 3344 252 3407 vet
265 3345 359 3428 ipsius
373 3342 480 3407 altares
501 3356 641 3407 ornatum
660 3362 720 3406 non
729 3346 885 3427 pertineat.
1122 3344 1129 3381 ¹·

127 3446 198 3506 575.
213 3480 252 3491 -
268 3472 281 3500 ιι
296 3450 382 3527 Rosp.
398 3450 466 3507 Haeo
493 3449 646 3525 sequentia
667 3469 675 3505 ε
700 3450 725 3507 1.
750 3450 786 3507 Et
807 3448 927 3526 quidem
943 3450 998 3511 sub
1016 3459 1096 3533 gravi

88 3554 104 3587 ι
126 3531 281 3608 sacrilegia
304 3533 467 3609 requiritur
487 3528 581 3591 altare
597 3540 797 3591 consecratum
823 3533 860 3591 sb
875 3534 1034 3613 Episcopo,
1053 3543 1099 3599 vol

88 3637 104 3669 n
128 3613 235 3674 abbate
249 3614 340 3691 (hunc
357 3616 439 3675 enim
452 3614 553 3675 altoris
567 3614 694 3689 calices,
717 3624 745 3673 et
761 3634 914 3693 consponsa
927 3637 1010 3697 posse
1030 3640 1098 3682 con·

879 3702 940 3762 ti..
