2450 3975
168 212 170 217 ’
206 226 279 304 Cup.
291 224 321 283 7.
332 223 378 284 De
393 218 517 304 s'ubjecto
528 218 736 283 attritas-otto.
750 220 828 285 bat.
838 222 869 284 9.
881 223 945 284 Art.
957 222 985 283 1.
1058 220 1099 283 77

92 326 152 387 lloc
168 324 242 385 verb
252 332 324 402 puto
342 322 568 403 intelligendum
585 322 742 402 (quidquid
761 323 838 383 dicat
850 324 938 385 Cror'n
950 320 971 385 1.
983 323 1022 403 c.)
1035 330 1096 383 tan·

90 409 153 471 trim
170 410 207 469 de
228 426 283 478 eo,
299 408 351 485 qni
368 415 436 468 ante
455 407 681 467 celebrationem
701 425 762 469 uon
781 406 884 468 habuit
895 410 1009 485 copiam
1029 425 1094 468 con·

89 494 217 569 sessarii'3
233 510 303 551 nam
323 493 347 551 si
365 490 645 570 habueri't.‘primus
665 492 786 569 quidem
805 494 932 551 recurrit
947 511 1046 567 casus,
1060 492 1093 552 in

88 596 145 656 quo
166 579 216 638 ille
232 575 302 637 vere
314 575 469 655 sacrilege,
482 582 513 636 et
529 577 592 636 sine
601 578 771 637 necessitate
786 577 956 638 celebraret.

124 665 192 723 267.
203 694 244 707 -·
255 663 354 734 Quaer.
369 662 419 720 Vl.
435 664 480 719 An
504 667 640 720 teneatur
653 661 788 722 confitiri
808 658 1027 740 quamprimum
1045 678 1092 721 ce-

87 747 201 807 lebrans
223 754 292 825 post
313 745 587 815 consessionem,in
604 764 662 822 qua
686 747 904 825 inculpabiliter
920 745 1028 804 oblitus
1048 752 1093 805 eat

85 831 207 909 alicujus
234 831 392 891 mortalis?
401 832 487 907 Resp.
513 830 537 888 si
565 831 737 890 meminerit
758 841 824 909 post
843 831 1091 903 celebrationem,

86 920 186 995 utiqrre
210 932 270 974 non
293 924 427 985 tenetur,
445 921 479 972 ut
492 912 570 974 recte
588 914 694 974 docent
711 918 800 975 Scor.
819 916 889 978 dist.
913 917 962 976 66.
980 923 1046 975 tect.
1059 917 1091 976 7.

84 1016 113 1061 vt
128 998 261 1063 &cundo
277 1007 307 1083 et
321 1000 418 1058 Marc.
436 996 509 1060 Gob.
528 1005 558 1057 et
581 998 650 1059 Dic.
667 1000 750 1080 apum
772 1003 860 1062 croix
880 1020 911 1061 o.
936 1002 1003 1060 547.
1026 998 1092 1061 lmd

83 1084 137 1145 hoc
146 1084 342 1163 probabiliter
352 1083 513 1141 admittunt
524 1084 602 1141 Bon.
619 1086 719 1143 Aemo.
730 1092 759 1144 et
773 1084 884 1146 leand.
896 1082 968 1147 tttd.
977 1083 1091 1144 etiamsi

83 1171 113 1229 in
128 1172 217 1230 missa
228 1178 296 1247 post
309 1170 548 1229 communionem
559 1168 731 1228 recordetur
741 1172 872 1229 mortalis
885 1193 895 1244 ς
908 1170 977 1247 quia
990 1167 1092 1229 reveri

82 1276 135 1318 nco
144 1260 202 1317 istc
216 1256 386 1315 celebrasset
397 1254 529 1313 conscius
543 1253 652 1329 peccati
665 1298 673 1325 ,
684 1264 719 1313 nt
728 1256 860 1331 loquitur
872 1258 1091 1317 Tridcntinum.

81 1344 110 1403 Si
132 1340 206 1402 verb
227 1341 398 1399 meminerit
421 1346 489 1397 ante
512 1337 759 1411 celebrationem,
781 1339 831 1397 sed
853 1351 918 1418 post
936 1341 1092 1403 consessio-

80 1444 171 1495 ncm,
188 1426 293 1485 dieunt
305 1424 400 1483 teneri
421 1433 492 1481 tunc
513 1421 548 1480 ad
563 1433 750 1502 pracceptum
770 1423 929 1486 confitendi
946 1424 1092 1507 quampri-

79 1512 165 1573 mr'rm
175 1512 266 1571 Smer.
282 1503 303 1566 1.
317 1525 340 1567 c.
357 1514 386 1567 et
398 1505 455 1569 otta·
464 1503 592 1585 plurimi
603 1526 669 1567 eccm
683 1510 758 1587 Luq.
768 1509 836 1568 Die.
856 1506 932 1569 Pell.
948 1518 1000 1570 etc.
1010 1506 1093 1589 apud

82 1594 175 1655 Croiar
202 1589 223 1651 l.
250 1611 277 1653 e.
303 1591 358 1651 Sed
382 1590 471 1652 Greia
493 1591 600 1652 meritd
619 1595 782 1672 oppositam
806 1595 982 1655 sententiam
1006 1600 1093 1672 putat

78 1678 285 1759 probabilem,
301 1677 369 1753 quia
391 1674 552 1735 hiereverd
571 1694 632 1735 non
654 1686 750 1753 potest
770 1676 828 1735 dici
850 1678 1010 1736 celebrasse
1021 1695 1091 1737 cou-
1198 1742 1202 1746 ,

6 1792 8 1819 ;
78 1766 156 1824 scius
177 1762 288 1841 pcccati
307 1763 370 1820 sine
391 1760 501 1837 praevia
522 1759 715 1820 consessione.
743 1759 816 1822 Vide
839 1762 961 1821 orrtniod
982 1759 1019 1821 de
1038 1758 1091 1822 boe

77 1848 279 1910 ‹iictortAEb'Z

113 1934 218 2007 Quaer.
227 1931 295 1990 th.
309 1928 354 1990 du
368 1929 518 2004 sacerdos,
530 1928 581 2010 qui
595 1939 660 2010 post
681 1930 930 1993 concenationem
958 1928 1089 1993 recorda

78 2027 131 2078 tor
151 2015 261 2095 peccati
282 2015 386 2087 obliti,
403 2017 484 2075 nullai
501 2017 649 2093 praemissd
664 2017 843 2077 consessione
855 2061 863 2087 ,
877 2024 1012 2077 teneatur
1023 2033 1090 2076 con·

6 2135 8 2166 :
76 2103 156 2163 uteri
178 2097 424 2180 quamprimum?
438 2099 592 2160 Affirmant
603 2102 694 2161 Sator.
708 2103 756 2161 eit.
772 2108 839 2162 tect.
855 2103 884 2161 7.
901 2110 929 2161 et
940 2106 1019 2162 Bon.
1033 2105 1090 2167 ite·

75 2186 141 2269 pita.
155 2179 394 2262 Moif.Me9olo,
415 2190 468 2242 eto.
493 2181 575 2264 opud
596 2184 691 2244 Dion.
716 2194 751 2245 ut
778 2187 868 2244 refert
881 2186 963 2264 Lupo
981 2185 1012 2247 d.
1038 2188 1087 2246 14.

77 2291 108 2331 n.
134 2269 204 2329 140.
229 2268 336 2337 Ratio,
354 2267 423 2343 quia
447 2275 518 2327 tunc
540 2267 611 2328 verb
638 2269 853 2341 acciditcasus,
875 2269 984 2348 inquo
1002 2278 1089 2348 urget

76 2359 260 2433 praeceptum
273 2350 458 2421 Tridentini,
472 2358 544 2410 tune
563 2352 644 2412 eninr
656 2353 789 2413 sacerdos
803 2351 866 2429 jam
880 2354 1008 2414 celebrat
1019 2372 1089 2414 con·

78 2441 159 2500 scius
181 2436 291 2516 peccati
315 2437 347 2494 in
368 2437 556 2508 necessitate,
573 2444 603 2494 et
621 2436 686 2496 sinc
705 2439 893 2498 consessione.
908 2439 965 2497 Sed
982 2448 1089 2514 negant

81 2526 175 2601 Vaaq.
188 2519 308 2589 Diana,
319 2525 347 2578 et
356 2521 487 2600 Praepos.
504 2518 586 2598 opud
597 2521 672 2600 buy.
685 2539 716 2580 a.
728 2523 795 2580 141.
807 2519 1090 2598 concitaberunt

76 2607 194 2668 16548.
216 2610 247 2663 et
266 2600 375 2663 merito
393 2603 547 2681 probabile
564 2612 649 2680 putat
668 2606 750 2684 Lupo
766 2623 799 2662 n.
812 2605 878 2662 144.
891 2612 919 2662 et
934 2606 1002 2662 146.
1014 2605 1088 2676 Quia

6 2733 8 2754 .
76 2692 108 2753 in
123 2687 202 2752 nab.
221 2689 267 2748 tit.
288 2688 317 2748 8.
332 2705 415 2747 nuto.
432 2689 461 2747 5.
483 2687 593 2746 dicitur
607 2687 688 2764 qudd
704 2688 854 2758 sacerdos,
874 2687 1007 2764 quiante
1022 2689 1088 2748 mis·

6 2763 7 2818 ἶ
75 2791 140 2835 sam
154 2772 329 2833 recordatur
349 2771 475 2848 peccati,
490 2779 521 2831 et
534 2770 662 2831 celebrat
674 2789 710 2831 ex
728 2772 897 2830 necessitate
907 2789 967 2830 non
978 2770 1087 2835 habens

75 2857 405 2938 copiamaeconiessarii,
423 2862 541 2916 temtor
561 2864 661 2934 postea
683 2855 817 2916 confiteri
841 2855 909 2916 caim
934 2857 1085 2936 primdm,

6 2997 7 3014 ,
74 2943 128 3004 sod
140 2943 179 3002 de
197 2958 251 3014 eo,
269 2942 320 3018 qui
339 2940 478 3001 meminit
487 2941 597 3020 peccati
609 2947 676 3018 post
690 2943 935 3001 consecrationem
946 2986 953 3011 ,
965 2941 1087 3019 loquens

75 3024 171 3088 Ratbr.
182 3045 214 3086 a.
225 3027 256 3084 4.
271 3026 357 3085 dicit:
375 3027 551 3085 Conteratur
560 3025 782 3106 comproposito
794 3023 967 3104 confitendi,
977 3027 1087 3100 absque

75 3128 112 3171 co
131 3110 213 3188 qudd
232 3109 410 3187 adjungatur
424 3109 490 3170 edin
504 3109 648 3191 primtim.

113 3197 186 3266 268.
198 3227 240 3240 -·
255 3196 405 3267 Quaeritur
424 3195 503 3254 Vlll.
524 3197 570 3257 An
590 3196 743 3274 praelatum
763 3204 943 3276 preceptum
960 3191 1083 3254 Triden-

76 3279 133 3340 tini
147 3277 310 3339 confitendi
325 3277 568 3356 quamprimirm,
585 3279 695 3358 obliget
716 3280 805 3340 etiarn
823 3281 933 3340 laicos?

114 3362 225 3422 Primo
247 3363 392 3422 sententio
412 3362 559 3435 affirmat,
580 3371 611 3422 et
633 3363 708 3423 hanc
728 3371 830 3422 tenent
846 3365 979 3422 Novam.
1006 3363 1088 3444 apatd

76 3447 158 3528 bopo
172 3447 204 3508 d.
221 3449 271 3507 14.
282 3465 314 3506 a.
329 3448 397 3506 158.
424 3448 508 3508 Cone.
525 3467 559 3528 p.
584 3449 653 3508 544.
672 3465 758 3507 num.
773 3449 822 3505 15.
834 3454 863 3506 et
875 3447 959 3506 Cont.
975 3449 1085 3510 Toum.

75 3530 215 3592 deducit.
229 3549 293 3612 cop.
307 3531 336 3590 6.
349 3539 406 3592 art.
419 3532 448 3590 5.
462 3530 552 3591 conci.
570 3533 600 3590 4.
618 3550 647 3590 u.
661 3533 760 3605 Qttoer.
774 3533 803 3590 b.
817 3548 882 3590 cura
892 3532 978 3607 Aser,
991 3535 1083 3593 Hear.

74 3623 102 3675 ct
113 3618 166 3678 So.
182 3615 276 3689 Quia,
289 3621 324 3675 ut
338 3615 459 3690 dicunt,
474 3616 575 3676 eadem
594 3616 672 3676 ratio
689 3615 766 3676 valet
784 3616 815 3675 in
834 3616 913 3678 laicis
925 3657 934 3687 ,
947 3616 1036 3694 quim
1051 3618 1085 3674 in
