2450 3975
141 285 251 348 intuitu
269 282 403 347 sacrificii
422 286 501 344 Deus
519 281 642 343 confert.
664 280 748 343 Unde
766 279 849 342 valor
870 279 888 341 1
904 280 1000 343 fructu
1022 278 1152 355 differt,
1215 274 1216 351 ἶ

140 372 222 432 velot
235 389 320 430 causa
335 369 374 431 ab
391 367 507 430 ellectu.
1215 370 1216 375 ’

178 453 349 517 Notandum
368 456 398 515 2.
412 456 552 515 Fructum
569 452 665 513 missas
685 448 826 529 distingui
846 466 882 511 ex
903 450 1011 529 triplici
1030 448 1151 529 capite:

140 536 332 619 distinguitur
351 540 432 601 enim
451 540 480 599 1.
501 555 537 598 cx
555 546 639 617 parte
663 526 770 606 cause,
788 534 820 596 id
842 544 942 597 estex
965 552 1054 613 opere
1076 552 1154 613 ope·
1215 552 1216 555 ¹

140 631 226 696 rato,
244 633 274 685 et
296 642 385 702 opere
405 623 565 703 operantis,
580 623 705 682 Fructus
725 638 761 680 ec
779 638 864 700 opere
883 628 1001 700 operato
1019 628 1063 680 est
1076 620 1152 691 ille,
1215 630 1216 657 ³

142 709 192 788 qui
211 709 362 770 confertur
378 709 490 769 intuitu
510 708 688 769 meritorum
703 704 830 778 Christi,
850 714 880 765 et
900 704 962 782 ejus
983 705 1154 785 promissio·

140 793 188 853 nis
203 816 212 854 a
229 794 339 855 tructus
355 791 426 854 verb
449 810 487 853 ee
506 810 593 872 opere
609 791 761 873 operantis
781 799 825 851 est
844 790 914 863 ille,
928 790 980 868 qui
998 791 1155 853 confertur

140 878 251 939 intuitu
270 878 387 951 meriti,
406 883 437 937 et
461 876 629 939 devotionis
654 876 838 937 celebrantis.
854 875 1052 953 Distinguitur
1064 878 1095 935 2.
1115 892 1154 935 ex

140 972 224 1040 parte
240 964 303 1035 rei,
316 963 347 1022 in
361 962 567 1032 meritorium,
585 961 828 1031 satisfactorium,
849 970 880 1020 et
890 960 1132 1038 impetratorium
1141 1004 1151 1035 ,

137 1044 221 1124 juxta
249 1048 326 1107 dieta
345 1066 380 1106 c.
402 1044 581 1128 praecedenti
599 1048 668 1106 511.
693 1046 894 1124 Distinguitur
919 1046 950 1105 5.
974 1048 1006 1104 in
1026 1062 1153 1123 genera-

140 1130 200 1191 lem
210 1175 218 1204 ,
228 1131 399 1210 specialem,
411 1140 442 1192 et
456 1131 707 1211 specialissimum.
723 1132 846 1191 Fructus
862 1126 1008 1210 poneretis
1020 1130 1153 1208 obtingit

140 1218 279 1280 omnibus
294 1217 432 1279 fidelibus
443 1218 538 1289 vivis,
551 1227 581 1278 et
590 1217 745 1277 defunctis.
755 1214 897 1297 Speciolt's
912 1214 959 1296 (ab
976 1216 1041 1275 aliis
1054 1215 1153 1277 dictus
1215 1278 1216 1295 ,

140 1300 274 1379 medius,
292 1304 340 1364 vel
354 1300 573 1381 snioisteriolis)
588 1301 717 1381 obtingit
733 1302 850 1363 carneis
867 1319 921 1379 pro
939 1300 1046 1379 quibus
1059 1300 1154 1379 appli·
1215 1302 1216 1337 1

53 1390 56 1397 ’
141 1396 245 1462 catur,
267 1389 357 1467 quim
381 1387 604 1460 assistentibus,
629 1396 660 1448 et
685 1386 928 1451 concurrentibus
953 1384 1154 1446 ministrando

140 1481 333 1550 paramenta,
358 1473 537 1546 luminaria,
557 1471 667 1535 hostias
686 1476 744 1533 etc.
767 1468 1002 1553 specialissimus
1025 1468 1154 1533 demum
1215 1488 1216 1545 1

140 1554 268 1635 obtingit
285 1555 339 1617 soli
358 1556 511 1618 sacerdoti.
1215 1556 1216 1627 1

179 1637 233 1701 llio
247 1647 346 1702 autem
368 1658 473 1719 magna
497 1641 628 1703 occurrit
646 1641 770 1719 quaestio
791 1641 876 1703 valde
899 1642 978 1705 inter
996 1642 1061 1703 DD.
1076 1660 1151 1703 con·
1215 1636 1216 1697 l

140 1725 529 1800 troversn,ansacriiieium
541 1728 637 1789 missae
650 1725 1153 1791 infinitumhabcotvalorem‘lltu·

140 1811 208 1889 plex
221 1810 302 1872 adest
315 1811 460 1872 sententia
473 1833 482 1871 a

177 1894 285 1954 Primo
296 1894 368 1956 dicit
386 1893 495 1957 hebere
510 1895 641 1958 valorem
653 1904 720 1959 actu
735 1903 796 1959 tem
810 1895 976 1970 intensive,
991 1894 1082 1976 quim
1098 1914 1153 1958 ex-

138 1976 252 2040 tensivd
279 1975 419 2052 linitum,
443 1980 484 2042 ita
510 1993 545 2042 ut
571 1982 709 2061 pluribus
729 1982 908 2062 applicatum
928 1979 1028 2044 mimis
1054 1984 1155 2062 prosit
1215 2033 1216 2048 .

138 2061 279 2141 singulis,
292 2062 383 2140 quium
401 2064 426 2124 si
442 2065 497 2125 uni
516 2066 634 2128 tentum
657 2068 831 2147 applicetur.
856 2071 900 2129 lta
922 2085 990 2128 cum
1016 2068 1092 2129 Bos.
1112 2076 1154 2130 ut

138 2147 247 2227 supro,
263 2149 468 2210 nacastsmtus
479 2147 610 2228 quodlib.
622 2153 672 2214 20.
683 2171 736 2214 nu.
754 2155 804 2213 20.
817 2154 850 2214 S.
864 2155 983 2214 Bocov.
992 2151 1025 2212 in
1034 2154 1064 2212 1.
1075 2149 1152 2212 dist.

139 2233 187 2293 tt.
205 2240 264 2293 ort.
279 2234 308 2293 5.
322 2249 353 2311 q.
376 2234 406 2294 5.
420 2231 461 2294 od
475 2232 531 2294 ult.
542 2236 635 2297 lione.
650 2256 675 2298 c.
690 2239 721 2298 7.
735 2255 766 2317 q.
787 2240 817 2299 7.
839 2255 867 2298 r.
887 2240 918 2298 2.
943 2239 1015 2298 item
1032 2233 1151 2298 Patcd.

139 2314 222 2378 mco.
236 2315 354 2397 Major,
364 2317 458 2380 Borb.
470 2319 592 2380 Cooorr.
604 2327 634 2381 ct
644 2323 718 2403 an.
730 2341 781 2404 op.
795 2317 889 2383 Solm.
900 2329 938 2381 tr.
952 2325 982 2382 5.
994 2341 1018 2381 n.
1030 2323 1060 2382 5.
1069 2339 1102 2401 p.
1114 2323 1151 2384 5.

138 2397 208 2461 dut.
224 2405 304 2462 unis.
319 2419 350 2461 o.
366 2403 415 2463 58.
432 2403 578 2482 idemque
587 2405 721 2485 expresse
736 2405 1082 2468 commmentatores.
1095 2407 1150 2466 15.
1215 2402 1216 2460 1

138 2503 168 2564 q.
179 2487 208 2545 2.
223 2504 254 2546 n.
269 2487 298 2547 l.
311 2487 363 2546 ubi
377 2488 437 2548 ait:
452 2487 618 2551 lotentioni
630 2491 809 2571 (sucerdotis)
821 2491 894 2572 petio
911 2501 955 2554 est
966 2491 1001 2554 de
1021 2494 1153 2553 essentia
1215 2485 1216 2570 1

137 2566 292 2650 sacrificii,
306 2569 396 2632 ctiam
409 2588 446 2632 ec
458 2589 542 2653 opere
562 2582 681 2654 operato
694 2575 847 2656 respondet
865 2584 1004 2638 certasset
1024 2583 1152 2637 sacceus
1215 2571 1216 2658 1

135 2655 247 2736 pandus
261 2653 492 2736 satisfactionis,
506 2666 534 2718 et
544 2656 733 2740 idebqnnntd
748 2659 782 2721 1η
791 2651 894 2743 plures
909 2658 986 2722 itt-ud
997 2659 1151 2722 distribue·
1215 2661 1216 2684 .

138 2741 196 2835 rit,
214 2744 297 2802 tanto
309 2743 410 2804 mindo
419 2740 547 2826 sicopolis
558 2743 683 2808 obvenit.
696 2747 819 2807 Diversi
831 2756 930 2807 autem
945 2757 1076 2808 auctores
1089 2744 1150 2808 hu·

135 2841 186 2900 Jus
207 2827 360 2886 scatentia
385 2831 503 2889 ratione
524 2839 671 2892 utuntur:
688 2831 758 2900 alii,
776 2833 844 2910 quia
863 2832 947 2893 valor
970 2832 1065 2893 missae
1083 2851 1148 2894 non
1215 2829 1216 2894 3

137 2907 315 3004 sumitur'ex
329 2926 362 2968 re
380 2912 477 2971 oblata
485 2956 497 2988 ,
512 2914 563 2972 sed
581 2932 617 2974 er
633 2917 696 2994 ipsa
712 2915 879 2999 oblatione,
892 2917 955 2977 sive
973 2934 1010 2976 ex
1030 2915 1149 2978 actione
1215 2927 1216 2930 ’

136 2991 294 3052 sacerdotis
307 2991 475 3068 offerentis,
492 3014 558 3073 quae
567 2997 647 3064 certe
661 3017 721 3061 uon
737 3009 833 3079 potest
852 3018 914 3062 esse
938 3001 1048 3062 infiniti
1064 3002 1148 3064 valo-

137 3079 199 3153 ris3
213 3077 317 3137 dicunt
327 3078 410 3140 enim
420 3079 453 3139 iu
465 3079 608 3142 sacrificio
621 3084 716 3146 missa
737 3083 887 3147 Christum
913 3103 974 3148 non
990 3103 1052 3146 esse
1074 3105 1146 3166 pro-

137 3161 203 3241 prie
223 3161 397 3224 offerentem
411 3207 421 3234 ‚
434 3162 485 3223 sed
503 3163 619 3226 tantum
636 3167 767 3242 remote,
782 3168 926 3248 quatenus
942 3169 1018 3231 illud
1038 3188 1093 3248 per
1106 3188 1148 3230 sa·
1215 3161 1216 3186 1

136 3247 267 3310 cerdotes
279 3247 463 3310 offerendum
478 3242 618 3310 instituit.
632 3251 688 3311 Sed
699 3250 762 3313 haec
773 3255 851 3314 ratio
864 3256 1061 3314 communiter
1073 3254 1148 3332 reji·
1215 3248 1216 3270 ¹

135 3331 234 3404 citur,
254 3342 284 3392 et
305 3333 430 3405 meritb,
452 3331 519 3395 tdm
544 3335 633 3412 quia,
655 3337 732 3397 sicut
757 3339 936 3398 sacrificium
966 3339 1101 3401 oblatum
1127 3340 1146 3404 a

135 3415 284 3476 sacerdote
299 3421 396 3493 molo,
410 3438 471 3481 noo
489 3420 613 3502 perinde
624 3420 662 3482 ab
681 3419 745 3498 ojus
766 3423 878 3498 melitii
900 3425 1098 3502 inquinatur,
1112 3437 1147 3488 ut

134 3493 220 3586 docet
238 3500 320 3590 ssrid.
342 3522 412 3566 sess.
435 3507 483 3565 22.
504 3523 528 3566 o.
554 3508 596 3580 1.,
623 3507 664 3566 ita
686 3525 783 3586 neque
798 3509 836 3568 ab
857 3508 999 3568 oliercnte
1018 3509 1147 3571 limitato

136 3575 343 3642 limitationem
357 3587 462 3664 recipit
474 3610 483 3665 3
496 3598 560 3650 tum
578 3591 648 3668 quin
664 3600 777 3651 eertum
792 3592 931 3673 estquod
948 3595 980 3654 iu
994 3591 1050 3658 boe
1063 3597 1147 3658 saeri-

141 188 200 249 156
369 183 437 248 tit.
450 184 481 245 6.
500 184 599 245 Troct.
613 180 644 243 5.
660 179 707 244 Dc
721 136 921 241 declamatio.
