<?xml version="1.0" encoding="UTF-8"?>
<!DOCTYPE html PUBLIC "-//W3C//DTD XHTML 1.0 Transitional//EN"
    "http://www.w3.org/TR/xhtml1/DTD/xhtml1-transitional.dtd">
<html xmlns="http://www.w3.org/1999/xhtml" xml:lang="en" lang="en">
 <head>
  <title>
</title>
<meta http-equiv="Content-Type" content="text/html;charset=utf-8" />
  <meta name='ocr-system' content='tesseract 3.04.00' />
  <meta name='ocr-capabilities' content='ocr_page ocr_carea ocr_par ocr_line ocrx_word'/>
</head>
<body>
  <div class='ocr_page' id='page_1' title='image "./theologiamorali00heilgoog_0387.png"; bbox 0 0 2450 3975; ppageno 0'>
   <div class='ocr_carea' id='block_1_1' title="bbox 296 183 1111 273">
    <p class='ocr_par' dir='ltr' id='par_1_1' title="bbox 296 183 1111 273">
     <span class='ocr_line' id='line_1_1' title="bbox 296 183 1111 273; baseline 0.009 -22"><span class='ocrx_word' id='word_1_1' title='bbox 296 191 369 273; x_wconf 81' lang='lat' dir='ltr'><strong>Cap.</strong></span> <span class='ocrx_word' id='word_1_2' title='bbox 385 192 412 250; x_wconf 89' lang='lat' dir='ltr'><strong>l.</strong></span> <span class='ocrx_word' id='word_1_3' title='bbox 426 192 469 251; x_wconf 83' lang='lat' dir='ltr'><strong>Do</strong></span> <span class='ocrx_word' id='word_1_4' title='bbox 480 188 671 272; x_wconf 78' lang='lat' dir='ltr'><strong>consessione.</strong></span> <span class='ocrx_word' id='word_1_5' title='bbox 685 186 803 253; x_wconf 52' lang='lat' dir='ltr'><strong>Dabad.</strong></span> <span class='ocrx_word' id='word_1_6' title='bbox 817 183 883 255; x_wconf 73' lang='lat' dir='ltr'><strong>Art.</strong></span> <span class='ocrx_word' id='word_1_7' title='bbox 895 197 923 255; x_wconf 88' lang='lat' dir='ltr'><strong>l.</strong></span> <span class='ocrx_word' id='word_1_8' title='bbox 1054 196 1111 258; x_wconf 73' lang='lat'><strong>560</strong></span> 
     </span>
    </p>
   </div>
   <div class='ocr_carea' id='block_1_2' title="bbox 98 290 1112 459">
    <p class='ocr_par' dir='ltr' id='par_1_2' title="bbox 98 290 1112 459">
     <span class='ocr_line' id='line_1_2' title="bbox 98 290 1112 375; baseline 0.002 -20"><span class='ocrx_word' id='word_1_9' title='bbox 98 292 211 375; x_wconf 74' lang='lat' dir='ltr'><strong>paribus</strong></span> <span class='ocrx_word' id='word_1_10' title='bbox 228 310 295 355; x_wconf 83' lang='lat' dir='ltr'><strong>se...</strong></span> <span class='ocrx_word' id='word_1_11' title='bbox 307 296 404 354; x_wconf 78' lang='lat' dir='ltr'><strong>Deam</strong></span> <span class='ocrx_word' id='word_1_12' title='bbox 417 310 505 353; x_wconf 80' lang='lat' dir='ltr'><strong>suam</strong></span> <span class='ocrx_word' id='word_1_13' title='bbox 521 290 688 353; x_wconf 81' lang='lat' dir='ltr'><strong>mortaliter</strong></span> <span class='ocrx_word' id='word_1_14' title='bbox 702 293 855 373; x_wconf 71' lang='lat' dir='ltr'><strong>offendisse</strong></span> <span class='ocrx_word' id='word_1_15' title='bbox 872 290 1058 357; x_wconf 73' lang='lat' dir='ltr'><strong>meminerit.-</strong></span> <span class='ocrx_word' id='word_1_16' title='bbox 1071 316 1112 357; x_wconf 81' lang='lat' dir='ltr'><strong>re·</strong></span> 
     </span>
     <span class='ocr_line' id='line_1_3' title="bbox 99 375 1109 459; baseline 0.001 -19"><span class='ocrx_word' id='word_1_17' title='bbox 99 376 185 459; x_wconf 76' lang='lat' dir='ltr'><strong>liquo</strong></span> <span class='ocrx_word' id='word_1_18' title='bbox 198 384 298 438; x_wconf 83' lang='lat' dir='ltr'><strong>autem</strong></span> <span class='ocrx_word' id='word_1_19' title='bbox 316 384 452 458; x_wconf 84' lang='lat' dir='ltr'><strong>peecata,</strong></span> <span class='ocrx_word' id='word_1_20' title='bbox 466 394 533 457; x_wconf 73' lang='lat' dir='ltr'><strong>qaae</strong></span> <span class='ocrx_word' id='word_1_21' title='bbox 549 375 705 459; x_wconf 78' lang='lat' dir='ltr'><strong>diligenter</strong></span> <span class='ocrx_word' id='word_1_22' title='bbox 717 377 860 459; x_wconf 77' lang='lat' dir='ltr'><strong>cogitanti</strong></span> <span class='ocrx_word' id='word_1_23' title='bbox 868 398 930 441; x_wconf 80' lang='lat' dir='ltr'><strong>oon</strong></span> <span class='ocrx_word' id='word_1_24' title='bbox 944 390 1109 449; x_wconf 68' lang='lat' dir='ltr'><strong>oceanum,</strong></span> 
     </span>
    </p>
   </div>
   <div class='ocr_carea' id='block_1_3' title="bbox 96 467 1113 1990">
    <p class='ocr_par' dir='ltr' id='par_1_3' title="bbox 96 467 1113 1990">
     <span class='ocr_line' id='line_1_4' title="bbox 97 467 1111 553; baseline 0.001 -21"><span class='ocrx_word' id='word_1_25' title='bbox 97 470 134 532; x_wconf 81' lang='lat' dir='ltr'><strong>in</strong></span> <span class='ocrx_word' id='word_1_26' title='bbox 152 470 324 531; x_wconf 82' lang='lat' dir='ltr'><strong>aenioersum</strong></span> <span class='ocrx_word' id='word_1_27' title='bbox 342 468 442 529; x_wconf 84' lang='lat' dir='ltr'><strong>eodem</strong></span> <span class='ocrx_word' id='word_1_28' title='bbox 462 467 642 550; x_wconf 74' lang='lat' dir='ltr'><strong>consessione</strong></span> <span class='ocrx_word' id='word_1_29' title='bbox 660 468 776 531; x_wconf 74' lang='lat' dir='ltr'><strong>obcluso</strong></span> <span class='ocrx_word' id='word_1_30' title='bbox 792 469 1008 553; x_wconf 68' lang='lat' dir='ltr'><strong>intelligantur.</strong></span> <span class='ocrx_word' id='word_1_31' title='bbox 1034 472 1111 551; x_wconf 84' lang='lat' dir='ltr'><strong>Ergb</strong></span> 
     </span>
     <span class='ocr_line' id='line_1_5' title="bbox 98 554 1110 636; baseline 0 -22"><span class='ocrx_word' id='word_1_32' title='bbox 98 556 176 614; x_wconf 85' lang='lat' dir='ltr'><strong>siout</strong></span> <span class='ocrx_word' id='word_1_33' title='bbox 194 554 340 632; x_wconf 84' lang='lat' dir='ltr'><strong>poenitens</strong></span> <span class='ocrx_word' id='word_1_34' title='bbox 357 572 418 613; x_wconf 91' lang='lat' dir='ltr'><strong>non</strong></span> <span class='ocrx_word' id='word_1_35' title='bbox 436 563 555 614; x_wconf 87' lang='lat' dir='ltr'><strong>tenetur</strong></span> <span class='ocrx_word' id='word_1_36' title='bbox 567 554 702 615; x_wconf 71' lang='lat' dir='ltr'><strong>confiteri</strong></span> <span class='ocrx_word' id='word_1_37' title='bbox 720 556 862 626; x_wconf 83' lang='lat' dir='ltr'><strong>venialia,</strong></span> <span class='ocrx_word' id='word_1_38' title='bbox 880 558 919 617; x_wconf 89' lang='lat' dir='ltr'><strong>ita</strong></span> <span class='ocrx_word' id='word_1_39' title='bbox 931 567 1110 636; x_wconf 84' lang='lat' dir='ltr'><strong>neepeaeata</strong></span> 
     </span>
     <span class='ocr_line' id='line_1_6' title="bbox 98 636 1109 715; baseline 0 -17"><span class='ocrx_word' id='word_1_40' title='bbox 98 638 209 709; x_wconf 85' lang='lat' dir='ltr'><strong>dubia,</strong></span> <span class='ocrx_word' id='word_1_41' title='bbox 223 636 291 697; x_wconf 87' lang='lat' dir='ltr'><strong>ainn</strong></span> <span class='ocrx_word' id='word_1_42' title='bbox 304 636 381 697; x_wconf 87' lang='lat' dir='ltr'><strong>dieat</strong></span> <span class='ocrx_word' id='word_1_43' title='bbox 393 638 568 709; x_wconf 82' lang='lat' dir='ltr'><strong>eonsilium,</strong></span> <span class='ocrx_word' id='word_1_44' title='bbox 585 640 779 715; x_wconf 74' lang='lat' dir='ltr'><strong>paenitentem</strong></span> <span class='ocrx_word' id='word_1_45' title='bbox 796 638 871 700; x_wconf 83' lang='lat' dir='ltr'><strong>nihil</strong></span> <span class='ocrx_word' id='word_1_46' title='bbox 884 640 964 700; x_wconf 90' lang='lat' dir='ltr'><strong>alind</strong></span> <span class='ocrx_word' id='word_1_47' title='bbox 976 640 1109 701; x_wconf 75' lang='lat' dir='ltr'><strong>confiteri</strong></span> 
     </span>
     <span class='ocr_line' id='line_1_7' title="bbox 98 722 1110 801; baseline 0 -17"><span class='ocrx_word' id='word_1_48' title='bbox 98 723 207 784; x_wconf 74' lang='lat' dir='ltr'><strong>debere</strong></span> <span class='ocrx_word' id='word_1_49' title='bbox 222 722 277 782; x_wconf 88' lang='lat' dir='ltr'><strong>nisi</strong></span> <span class='ocrx_word' id='word_1_50' title='bbox 294 724 429 782; x_wconf 87' lang='lat' dir='ltr'><strong>mortalia</strong></span> <span class='ocrx_word' id='word_1_51' title='bbox 449 740 578 801; x_wconf 86' lang='lat' dir='ltr'><strong>quorum</strong></span> <span class='ocrx_word' id='word_1_52' title='bbox 598 724 755 798; x_wconf 82' lang='lat' dir='ltr'><strong>meminit,</strong></span> <span class='ocrx_word' id='word_1_53' title='bbox 774 723 912 784; x_wconf 89' lang='lat' dir='ltr'><strong>dubitare</strong></span> <span class='ocrx_word' id='word_1_54' title='bbox 930 734 1028 785; x_wconf 90' lang='lat' dir='ltr'><strong>autem</strong></span> <span class='ocrx_word' id='word_1_55' title='bbox 1049 743 1110 785; x_wconf 89' lang='lat' dir='ltr'><strong>non</strong></span> 
     </span>
     <span class='ocr_line' id='line_1_8' title="bbox 98 806 1111 885; baseline 0.001 -16"><span class='ocrx_word' id='word_1_56' title='bbox 98 807 278 885; x_wconf 85' lang='lat' dir='ltr'><strong>estquidam</strong></span> <span class='ocrx_word' id='word_1_57' title='bbox 294 808 481 879; x_wconf 79' lang='lat' dir='ltr'>meminisse,</span> <span class='ocrx_word' id='word_1_58' title='bbox 497 806 557 867; x_wconf 78' lang='lat' dir='ltr'><strong>inari</strong></span> <span class='ocrx_word' id='word_1_59' title='bbox 576 806 675 885; x_wconf 77' lang='lat' dir='ltr'><strong>potiris</strong></span> <span class='ocrx_word' id='word_1_60' title='bbox 693 817 811 869; x_wconf 83' lang='lat' dir='ltr'><strong>estnon</strong></span> <span class='ocrx_word' id='word_1_61' title='bbox 827 810 1007 870; x_wconf 79' lang='lat' dir='ltr'><strong>meminisse.</strong></span> <span class='ocrx_word' id='word_1_62' title='bbox 1026 809 1111 870; x_wconf 85' lang='lat' dir='ltr'><strong>Ratio</strong></span> 
     </span>
     <span class='ocr_line' id='line_1_9' title="bbox 98 891 1107 973; baseline -0.003 -19"><span class='ocrx_word' id='word_1_63' title='bbox 98 895 130 954; x_wconf 67' lang='grc' dir='ltr'><strong>ἱ).</strong></span> <span class='ocrx_word' id='word_1_64' title='bbox 149 892 217 971; x_wconf 86' lang='lat' dir='ltr'><strong>quia</strong></span> <span class='ocrx_word' id='word_1_65' title='bbox 237 900 354 951; x_wconf 85' lang='lat' dir='ltr'><strong>nonest</strong></span> <span class='ocrx_word' id='word_1_66' title='bbox 373 910 428 969; x_wconf 87' lang='lat' dir='ltr'><strong>pro</strong></span> <span class='ocrx_word' id='word_1_67' title='bbox 444 892 552 952; x_wconf 80' lang='lat' dir='ltr'><strong>delicto</strong></span> <span class='ocrx_word' id='word_1_68' title='bbox 565 891 657 952; x_wconf 89' lang='lat' dir='ltr'><strong>dubio</strong></span> <span class='ocrx_word' id='word_1_69' title='bbox 668 902 865 954; x_wconf 84' lang='lat' dir='ltr'><strong>onuseertum</strong></span> <span class='ocrx_word' id='word_1_70' title='bbox 880 894 1107 973; x_wconf 86' lang='lat' dir='ltr'><strong>imponendum:</strong></span> 
     </span>
     <span class='ocr_line' id='line_1_10' title="bbox 98 975 1111 1059; baseline -0.001 -19"><span class='ocrx_word' id='word_1_71' title='bbox 98 996 154 1040; x_wconf 88' lang='lat' dir='ltr'><strong>nee</strong></span> <span class='ocrx_word' id='word_1_72' title='bbox 170 979 200 1037; x_wconf 95' lang='lat' dir='ltr'><strong>in</strong></span> <span class='ocrx_word' id='word_1_73' title='bbox 215 976 306 1036; x_wconf 91' lang='lat' dir='ltr'><strong>dubio</strong></span> <span class='ocrx_word' id='word_1_74' title='bbox 321 995 358 1036; x_wconf 90' lang='lat' dir='ltr'><strong>an</strong></span> <span class='ocrx_word' id='word_1_75' title='bbox 373 977 420 1036; x_wconf 83' lang='lat' dir='ltr'><strong>lex</strong></span> <span class='ocrx_word' id='word_1_76' title='bbox 438 978 562 1051; x_wconf 84' lang='lat' dir='ltr'><strong>existat,</strong></span> <span class='ocrx_word' id='word_1_77' title='bbox 578 975 660 1037; x_wconf 88' lang='lat' dir='ltr'><strong>adest</strong></span> <span class='ocrx_word' id='word_1_78' title='bbox 673 977 744 1056; x_wconf 84' lang='lat' dir='ltr'><strong>legis</strong></span> <span class='ocrx_word' id='word_1_79' title='bbox 753 979 892 1056; x_wconf 85' lang='lat' dir='ltr'><strong>obligatio</strong></span> <span class='ocrx_word' id='word_1_80' title='bbox 906 980 952 1059; x_wconf 85' lang='lat' dir='ltr'><strong>(ut</strong></span> <span class='ocrx_word' id='word_1_81' title='bbox 964 980 1111 1058; x_wconf 82' lang='lat' dir='ltr'><strong>sapienter</strong></span> 
     </span>
     <span class='ocr_line' id='line_1_11' title="bbox 98 1059 1111 1141; baseline 0.003 -20"><span class='ocrx_word' id='word_1_82' title='bbox 98 1064 142 1122; x_wconf 89' lang='lat' dir='ltr'><strong>ait</strong></span> <span class='ocrx_word' id='word_1_83' title='bbox 157 1060 267 1123; x_wconf 82' lang='lat' dir='ltr'><strong>Bened.</strong></span> <span class='ocrx_word' id='word_1_84' title='bbox 283 1062 373 1122; x_wconf 85' lang='lat' dir='ltr'><em>XIV.</em></span> <span class='ocrx_word' id='word_1_85' title='bbox 386 1059 484 1141; x_wconf 79' lang='lat' dir='ltr'><strong>Notis.</strong></span> <span class='ocrx_word' id='word_1_86' title='bbox 498 1063 547 1122; x_wconf 88' lang='grc'><strong>80.</strong></span> <span class='ocrx_word' id='word_1_87' title='bbox 562 1079 646 1121; x_wconf 82' lang='lat' dir='ltr'><strong>oum.</strong></span> <span class='ocrx_word' id='word_1_88' title='bbox 660 1062 743 1140; x_wconf 72' lang='lat' dir='ltr'><strong>la),</strong></span> <span class='ocrx_word' id='word_1_89' title='bbox 757 1080 826 1123; x_wconf 89' lang='lat' dir='ltr'><strong>nam</strong></span> <span class='ocrx_word' id='word_1_90' title='bbox 840 1063 909 1124; x_wconf 76' lang='lat' dir='ltr'><strong>lieet</strong></span> <span class='ocrx_word' id='word_1_91' title='bbox 920 1067 958 1124; x_wconf 90' lang='lat' dir='ltr'><strong>sit</strong></span> <span class='ocrx_word' id='word_1_92' title='bbox 976 1065 1022 1124; x_wconf 86' lang='lat' dir='ltr'><strong>lex</strong></span> <span class='ocrx_word' id='word_1_93' title='bbox 1041 1082 1111 1125; x_wconf 84' lang='lat' dir='ltr'><strong>eon·</strong></span> 
     </span>
     <span class='ocr_line' id='line_1_12' title="bbox 99 1145 1112 1222; baseline 0.001 -16"><span class='ocrx_word' id='word_1_94' title='bbox 99 1146 205 1207; x_wconf 86' lang='lat' dir='ltr'><strong>litandi</strong></span> <span class='ocrx_word' id='word_1_95' title='bbox 225 1154 304 1205; x_wconf 82' lang='lat' dir='ltr'><strong>certa</strong></span> <span class='ocrx_word' id='word_1_96' title='bbox 321 1146 475 1221; x_wconf 85' lang='lat' dir='ltr'><strong>mortalia,</strong></span> <span class='ocrx_word' id='word_1_97' title='bbox 491 1156 521 1205; x_wconf 88' lang='lat' dir='ltr'><strong>et</strong></span> <span class='ocrx_word' id='word_1_98' title='bbox 533 1145 601 1206; x_wconf 85' lang='lat' dir='ltr'><strong>ideb</strong></span> <span class='ocrx_word' id='word_1_99' title='bbox 612 1146 664 1222; x_wconf 91' lang='lat' dir='ltr'><strong>qui</strong></span> <span class='ocrx_word' id='word_1_100' title='bbox 680 1152 778 1205; x_wconf 81' lang='lat' dir='ltr'><strong>sertus</strong></span> <span class='ocrx_word' id='word_1_101' title='bbox 788 1155 832 1206; x_wconf 88' lang='lat' dir='ltr'><strong>est</strong></span> <span class='ocrx_word' id='word_1_102' title='bbox 848 1147 887 1207; x_wconf 89' lang='lat' dir='ltr'><strong>de</strong></span> <span class='ocrx_word' id='word_1_103' title='bbox 903 1148 1020 1209; x_wconf 75' lang='lat' dir='ltr'><strong>mortali</strong></span> <span class='ocrx_word' id='word_1_104' title='bbox 1031 1166 1112 1208; x_wconf 85' lang='lat' dir='ltr'><strong>eom-</strong></span> 
     </span>
     <span class='ocr_line' id='line_1_13' title="bbox 100 1227 1111 1308; baseline 0.002 -18"><span class='ocrx_word' id='word_1_105' title='bbox 100 1232 209 1302; x_wconf 87' lang='lat' dir='ltr'><strong>misso,</strong></span> <span class='ocrx_word' id='word_1_106' title='bbox 226 1238 256 1289; x_wconf 86' lang='lat' dir='ltr'><strong>et</strong></span> <span class='ocrx_word' id='word_1_107' title='bbox 272 1228 387 1289; x_wconf 89' lang='lat' dir='ltr'><strong>dubitat</strong></span> <span class='ocrx_word' id='word_1_108' title='bbox 398 1228 532 1307; x_wconf 80' lang='lat' dir='ltr'><strong>negativa</strong></span> <span class='ocrx_word' id='word_1_109' title='bbox 544 1227 626 1308; x_wconf 75' lang='lat' dir='ltr'><strong>(nam</strong></span> <span class='ocrx_word' id='word_1_110' title='bbox 635 1230 659 1287; x_wconf 91' lang='lat' dir='ltr'><strong>si</strong></span> <span class='ocrx_word' id='word_1_111' title='bbox 673 1228 790 1289; x_wconf 89' lang='lat' dir='ltr'><strong>dubitet</strong></span> <span class='ocrx_word' id='word_1_112' title='bbox 803 1232 943 1307; x_wconf 77' lang='lat' dir='ltr'><strong>positive,</strong></span> <span class='ocrx_word' id='word_1_113' title='bbox 954 1250 1023 1291; x_wconf 88' lang='lat' dir='ltr'><strong>mox</strong></span> <span class='ocrx_word' id='word_1_114' title='bbox 1035 1232 1111 1293; x_wconf 75' lang='lat' dir='ltr'><strong>inira</strong></span> 
     </span>
     <span class='ocr_line' id='line_1_14' title="bbox 99 1313 1111 1391; baseline 0 -16"><span class='ocrx_word' id='word_1_115' title='bbox 99 1313 243 1391; x_wconf 81' lang='lat' dir='ltr'><strong>dicemus)</strong></span> <span class='ocrx_word' id='word_1_116' title='bbox 259 1322 378 1373; x_wconf 89' lang='lat' dir='ltr'><strong>tenetur</strong></span> <span class='ocrx_word' id='word_1_117' title='bbox 397 1314 554 1385; x_wconf 77' lang='lat' dir='ltr'><strong>eonfitdri&#39;,</strong></span> <span class='ocrx_word' id='word_1_118' title='bbox 568 1330 629 1376; x_wconf 87' lang='lat' dir='ltr'><strong>non</strong></span> <span class='ocrx_word' id='word_1_119' title='bbox 642 1320 741 1374; x_wconf 70' lang='lat' dir='ltr'><strong>umen</strong></span> <span class='ocrx_word' id='word_1_120' title='bbox 750 1316 851 1375; x_wconf 78' lang='lat' dir='ltr'><strong>existit</strong></span> <span class='ocrx_word' id='word_1_121' title='bbox 865 1325 943 1375; x_wconf 82' lang='lat' dir='ltr'><strong>certa</strong></span> <span class='ocrx_word' id='word_1_122' title='bbox 955 1316 1004 1375; x_wconf 79' lang='lat' dir='ltr'><strong>lex</strong></span> <span class='ocrx_word' id='word_1_123' title='bbox 1019 1318 1111 1377; x_wconf 86' lang='lat' dir='ltr'><strong>eonii·</strong></span> 
     </span>
     <span class='ocr_line' id='line_1_15' title="bbox 99 1398 1110 1478; baseline 0.002 -17"><span class='ocrx_word' id='word_1_124' title='bbox 99 1400 184 1461; x_wconf 87' lang='lat' dir='ltr'><strong>tendi</strong></span> <span class='ocrx_word' id='word_1_125' title='bbox 203 1400 340 1460; x_wconf 85' lang='lat' dir='ltr'><strong>mortalia</strong></span> <span class='ocrx_word' id='word_1_126' title='bbox 366 1398 467 1462; x_wconf 85' lang='lat' dir='ltr'><strong>dubia.</strong></span> <span class='ocrx_word' id='word_1_127' title='bbox 492 1401 529 1460; x_wconf 87' lang='lat' dir='ltr'><strong>Et</strong></span> <span class='ocrx_word' id='word_1_128' title='bbox 554 1398 596 1459; x_wconf 85' lang='lat' dir='ltr'><strong>sic</strong></span> <span class='ocrx_word' id='word_1_129' title='bbox 628 1399 825 1478; x_wconf 84' lang='lat' dir='ltr'><strong>respondetur</strong></span> <span class='ocrx_word' id='word_1_130' title='bbox 848 1400 985 1466; x_wconf 72' lang='lat' dir='ltr'><strong>secundm</strong></span> <span class='ocrx_word' id='word_1_131' title='bbox 1004 1402 1110 1463; x_wconf 87' lang='lat' dir='ltr'><strong>rationi</strong></span> 
     </span>
     <span class='ocr_line' id='line_1_16' title="bbox 98 1486 1049 1565; baseline -0.002 -17"><span class='ocrx_word' id='word_1_132' title='bbox 98 1486 254 1565; x_wconf 82' lang='lat' dir='ltr'><strong>oppositas.</strong></span> <span class='ocrx_word' id='word_1_133' title='bbox 1045 1522 1049 1525; x_wconf 37' lang='lat'><strong>⁴</strong></span> 
     </span>
     <span class='ocr_line' id='line_1_17' title="bbox 139 1568 1111 1649; baseline -0.001 -14"><span class='ocrx_word' id='word_1_134' title='bbox 139 1574 200 1635; x_wconf 88' lang='lat' dir='ltr'><strong>Nee</strong></span> <span class='ocrx_word' id='word_1_135' title='bbox 219 1570 315 1631; x_wconf 88' lang='lat' dir='ltr'><strong>obstat</strong></span> <span class='ocrx_word' id='word_1_136' title='bbox 330 1570 486 1631; x_wconf 84' lang='lat' dir='ltr'><strong>auctoritas</strong></span> <span class='ocrx_word' id='word_1_137' title='bbox 502 1568 543 1632; x_wconf 87' lang='lat' dir='ltr'><strong>D.</strong></span> <span class='ocrx_word' id='word_1_138' title='bbox 562 1568 681 1634; x_wconf 73' lang='lat' dir='ltr'><strong>Thoosae</strong></span> <span class='ocrx_word' id='word_1_139' title='bbox 697 1570 802 1649; x_wconf 82' lang='lat' dir='ltr'><strong>allata3</strong></span> <span class='ocrx_word' id='word_1_140' title='bbox 816 1572 947 1632; x_wconf 88' lang='lat' dir='ltr'><strong>ibienim</strong></span> <span class='ocrx_word' id='word_1_141' title='bbox 961 1572 990 1633; x_wconf 90' lang='lat' dir='ltr'><strong>S.</strong></span> <span class='ocrx_word' id='word_1_142' title='bbox 1002 1572 1111 1634; x_wconf 84' lang='lat' dir='ltr'><strong>Doctor</strong></span> 
     </span>
     <span class='ocr_line' id='line_1_18' title="bbox 98 1654 1111 1735; baseline -0.001 -15"><span class='ocrx_word' id='word_1_143' title='bbox 98 1656 204 1720; x_wconf 75' lang='lat' dir='ltr'><strong>revera</strong></span> <span class='ocrx_word' id='word_1_144' title='bbox 221 1674 281 1717; x_wconf 92' lang='lat' dir='ltr'><strong>non</strong></span> <span class='ocrx_word' id='word_1_145' title='bbox 301 1656 435 1733; x_wconf 87' lang='lat' dir='ltr'><strong>loquitur</strong></span> <span class='ocrx_word' id='word_1_146' title='bbox 446 1654 483 1716; x_wconf 90' lang='lat' dir='ltr'><strong>de</strong></span> <span class='ocrx_word' id='word_1_147' title='bbox 496 1674 548 1732; x_wconf 85' lang='lat' dir='ltr'><strong>eo,</strong></span> <span class='ocrx_word' id='word_1_148' title='bbox 562 1658 615 1735; x_wconf 89' lang='lat' dir='ltr'><strong>qui</strong></span> <span class='ocrx_word' id='word_1_149' title='bbox 628 1665 694 1735; x_wconf 89' lang='lat' dir='ltr'><strong>post</strong></span> <span class='ocrx_word' id='word_1_150' title='bbox 709 1657 892 1735; x_wconf 78' lang='lat' dir='ltr'><strong>diligentiam</strong></span> <span class='ocrx_word' id='word_1_151' title='bbox 907 1656 1043 1716; x_wconf 76' lang='lat' dir='ltr'><strong>efformet</strong></span> <span class='ocrx_word' id='word_1_152' title='bbox 1055 1658 1111 1719; x_wconf 90' lang='lat' dir='ltr'><strong>sibi</strong></span> 
     </span>
     <span class='ocr_line' id='line_1_19' title="bbox 96 1740 1112 1823; baseline -0.001 -19"><span class='ocrx_word' id='word_1_153' title='bbox 96 1744 268 1823; x_wconf 82' lang='lat' dir='ltr'><strong>judicium,</strong></span> <span class='ocrx_word' id='word_1_154' title='bbox 285 1740 367 1821; x_wconf 84' lang='lat' dir='ltr'><strong>qubd</strong></span> <span class='ocrx_word' id='word_1_155' title='bbox 388 1740 539 1819; x_wconf 77' lang='lat' dir='ltr'><strong>peecatum</strong></span> <span class='ocrx_word' id='word_1_156' title='bbox 558 1759 647 1802; x_wconf 90' lang='lat' dir='ltr'><strong>suum</strong></span> <span class='ocrx_word' id='word_1_157' title='bbox 662 1742 702 1801; x_wconf 80' lang='lat' dir='ltr'><strong>ait</strong></span> <span class='ocrx_word' id='word_1_158' title='bbox 725 1741 816 1803; x_wconf 76' lang='lat' dir='ltr'><strong>dubie</strong></span> <span class='ocrx_word' id='word_1_159' title='bbox 834 1741 977 1811; x_wconf 84' lang='lat' dir='ltr'><strong>mortale,</strong></span> <span class='ocrx_word' id='word_1_160' title='bbox 994 1750 1024 1801; x_wconf 90' lang='lat' dir='ltr'><strong>et</strong></span> <span class='ocrx_word' id='word_1_161' title='bbox 1044 1740 1112 1803; x_wconf 84' lang='lat' dir='ltr'><strong>ided</strong></span> 
     </span>
     <span class='ocr_line' id='line_1_20' title="bbox 99 1823 1113 1903; baseline -0.004 -15"><span class='ocrx_word' id='word_1_162' title='bbox 99 1825 227 1889; x_wconf 91' lang='lat' dir='ltr'><strong>dubium</strong></span> <span class='ocrx_word' id='word_1_163' title='bbox 247 1826 368 1903; x_wconf 87' lang='lat' dir='ltr'><strong>deponit</strong></span> <span class='ocrx_word' id='word_1_164' title='bbox 388 1842 424 1884; x_wconf 82' lang='lat' dir='ltr'><strong>ex</strong></span> <span class='ocrx_word' id='word_1_165' title='bbox 443 1826 545 1903; x_wconf 87' lang='lat' dir='ltr'><strong>regula</strong></span> <span class='ocrx_word' id='word_1_166' title='bbox 566 1825 703 1903; x_wconf 82' lang='lat' dir='ltr'><strong>praeiata,</strong></span> <span class='ocrx_word' id='word_1_167' title='bbox 717 1842 825 1903; x_wconf 85' lang='lat' dir='ltr'><strong>nempe</strong></span> <span class='ocrx_word' id='word_1_168' title='bbox 845 1823 926 1903; x_wconf 76' lang='lat' dir='ltr'><strong>quoa</strong></span> <span class='ocrx_word' id='word_1_169' title='bbox 949 1842 1009 1885; x_wconf 92' lang='lat' dir='ltr'><strong>non</strong></span> <span class='ocrx_word' id='word_1_170' title='bbox 1025 1825 1113 1903; x_wconf 79' lang='lat' dir='ltr'><strong>datar</strong></span> 
     </span>
     <span class='ocr_line' id='line_1_21' title="bbox 100 1909 1112 1990; baseline -0.001 -18"><span class='ocrx_word' id='word_1_171' title='bbox 100 1920 180 1973; x_wconf 85' lang='lat' dir='ltr'><strong>corta</strong></span> <span class='ocrx_word' id='word_1_172' title='bbox 197 1911 357 1990; x_wconf 74' lang='lat' dir='ltr'><strong>obligatio,</strong></span> <span class='ocrx_word' id='word_1_173' title='bbox 374 1910 427 1971; x_wconf 91' lang='lat' dir='ltr'><strong>ubi</strong></span> <span class='ocrx_word' id='word_1_174' title='bbox 446 1910 591 1971; x_wconf 85' lang='lat' dir='ltr'><strong>delictum</strong></span> <span class='ocrx_word' id='word_1_175' title='bbox 611 1918 658 1969; x_wconf 85' lang='lat' dir='ltr'><strong>est</strong></span> <span class='ocrx_word' id='word_1_176' title='bbox 676 1909 824 1990; x_wconf 80' lang='lat' dir='ltr'><strong>dubium3</strong></span> <span class='ocrx_word' id='word_1_177' title='bbox 847 1910 898 1971; x_wconf 89' lang='lat' dir='ltr'><strong>sed</strong></span> <span class='ocrx_word' id='word_1_178' title='bbox 918 1910 1053 1987; x_wconf 88' lang='lat' dir='ltr'><strong>loquitur</strong></span> <span class='ocrx_word' id='word_1_179' title='bbox 1073 1910 1112 1971; x_wconf 90' lang='lat' dir='ltr'><strong>de</strong></span> 
     </span>
    </p>
   </div>
   <div class='ocr_carea' id='block_1_4' title="bbox 96 1995 1112 2580">
    <p class='ocr_par' dir='ltr' id='par_1_4' title="bbox 96 1995 1112 2580">
     <span class='ocr_line' id='line_1_22' title="bbox 99 1995 1112 2077; baseline -0.001 -18"><span class='ocrx_word' id='word_1_180' title='bbox 99 2015 137 2059; x_wconf 85' lang='lat' dir='ltr'><strong>eo</strong></span> <span class='ocrx_word' id='word_1_181' title='bbox 150 1997 202 2077; x_wconf 92' lang='lat' dir='ltr'><strong>qui</strong></span> <span class='ocrx_word' id='word_1_182' title='bbox 215 2005 312 2056; x_wconf 81' lang='lat' dir='ltr'><strong>certus</strong></span> <span class='ocrx_word' id='word_1_183' title='bbox 330 2004 375 2056; x_wconf 88' lang='lat' dir='ltr'><strong>est</strong></span> <span class='ocrx_word' id='word_1_184' title='bbox 398 1995 436 2057; x_wconf 89' lang='lat' dir='ltr'><strong>de</strong></span> <span class='ocrx_word' id='word_1_185' title='bbox 456 2013 509 2055; x_wconf 88' lang='lat' dir='ltr'><strong>sua</strong></span> <span class='ocrx_word' id='word_1_186' title='bbox 529 1997 645 2057; x_wconf 82' lang='lat' dir='ltr'><strong>actione</strong></span> <span class='ocrx_word' id='word_1_187' title='bbox 666 1997 764 2069; x_wconf 87' lang='lat' dir='ltr'><strong>mala,</strong></span> <span class='ocrx_word' id='word_1_188' title='bbox 783 2005 814 2057; x_wconf 91' lang='lat' dir='ltr'><strong>et</strong></span> <span class='ocrx_word' id='word_1_189' title='bbox 833 1996 925 2057; x_wconf 87' lang='lat' dir='ltr'><strong>nescit</strong></span> <span class='ocrx_word' id='word_1_190' title='bbox 947 1996 1112 2058; x_wconf 79' lang='lat' dir='ltr'><strong>discernere</strong></span> 
     </span>
     <span class='ocr_line' id='line_1_23' title="bbox 99 2079 1111 2161; baseline 0 -19"><span class='ocrx_word' id='word_1_191' title='bbox 99 2101 139 2142; x_wconf 92' lang='lat' dir='ltr'><strong>an</strong></span> <span class='ocrx_word' id='word_1_192' title='bbox 152 2082 239 2142; x_wconf 85' lang='lat' dir='ltr'><strong>luerit</strong></span> <span class='ocrx_word' id='word_1_193' title='bbox 250 2082 298 2142; x_wconf 88' lang='lat' dir='ltr'><strong>vel</strong></span> <span class='ocrx_word' id='word_1_194' title='bbox 313 2099 351 2141; x_wconf 93' lang='lat' dir='ltr'><strong>ne</strong></span> <span class='ocrx_word' id='word_1_195' title='bbox 371 2081 525 2154; x_wconf 90' lang='lat' dir='ltr'><strong>mortalis,</strong></span> <span class='ocrx_word' id='word_1_196' title='bbox 539 2079 588 2144; x_wconf 82' lang='lat' dir='ltr'><strong>bio</strong></span> <span class='ocrx_word' id='word_1_197' title='bbox 605 2083 709 2161; x_wconf 90' lang='lat' dir='ltr'><strong>utique</strong></span> <span class='ocrx_word' id='word_1_198' title='bbox 725 2090 844 2142; x_wconf 88' lang='lat' dir='ltr'><strong>tenetur</strong></span> <span class='ocrx_word' id='word_1_199' title='bbox 863 2082 1048 2160; x_wconf 80' lang='lat' dir='ltr'><strong>diligentiam</strong></span> <span class='ocrx_word' id='word_1_200' title='bbox 1059 2081 1111 2142; x_wconf 90' lang='lat' dir='ltr'><strong>ad-</strong></span> 
     </span>
     <span class='ocr_line' id='line_1_24' title="bbox 96 2165 1110 2246; baseline -0.003 -18"><span class='ocrx_word' id='word_1_201' title='bbox 96 2165 222 2241; x_wconf 69' lang='lat' dir='ltr'><strong>bibere,</strong></span> <span class='ocrx_word' id='word_1_202' title='bbox 236 2175 270 2226; x_wconf 91' lang='lat' dir='ltr'><strong>ut</strong></span> <span class='ocrx_word' id='word_1_203' title='bbox 281 2165 406 2227; x_wconf 90' lang='lat' dir='ltr'><strong>dubium</strong></span> <span class='ocrx_word' id='word_1_204' title='bbox 420 2165 568 2246; x_wconf 78' lang='lat' dir='ltr'><strong>deponat3</strong></span> <span class='ocrx_word' id='word_1_205' title='bbox 584 2167 663 2228; x_wconf 89' lang='lat' dir='ltr'><strong>unde</strong></span> <span class='ocrx_word' id='word_1_206' title='bbox 674 2165 743 2229; x_wconf 77' lang='lat' dir='ltr'><strong>oum</strong></span> <span class='ocrx_word' id='word_1_207' title='bbox 756 2168 848 2229; x_wconf 90' lang='lat' dir='ltr'><strong>neseit</strong></span> <span class='ocrx_word' id='word_1_208' title='bbox 865 2167 939 2227; x_wconf 88' lang='lat' dir='ltr'><strong>illud</strong></span> <span class='ocrx_word' id='word_1_209' title='bbox 950 2166 1110 2244; x_wconf 84' lang='lat' dir='ltr'><strong>deponere,</strong></span> 
     </span>
     <span class='ocr_line' id='line_1_25' title="bbox 98 2250 1112 2330; baseline -0.003 -17"><span class='ocrx_word' id='word_1_210' title='bbox 98 2259 219 2313; x_wconf 89' lang='lat' dir='ltr'><strong>tenetur</strong></span> <span class='ocrx_word' id='word_1_211' title='bbox 238 2259 316 2312; x_wconf 88' lang='lat' dir='ltr'><strong>stare</strong></span> <span class='ocrx_word' id='word_1_212' title='bbox 337 2250 450 2328; x_wconf 84' lang='lat' dir='ltr'><strong>judicio</strong></span> <span class='ocrx_word' id='word_1_213' title='bbox 466 2251 656 2329; x_wconf 79' lang='lat' dir='ltr'><strong>confessarii3</strong></span> <span class='ocrx_word' id='word_1_214' title='bbox 676 2251 760 2330; x_wconf 84' lang='lat' dir='ltr'><strong>eujus</strong></span> <span class='ocrx_word' id='word_1_215' title='bbox 781 2259 826 2312; x_wconf 83' lang='lat' dir='ltr'><strong>est</strong></span> <span class='ocrx_word' id='word_1_216' title='bbox 847 2251 1013 2311; x_wconf 86' lang='lat' dir='ltr'><strong>discernere</strong></span> <span class='ocrx_word' id='word_1_217' title='bbox 1033 2251 1112 2310; x_wconf 89' lang='lat' dir='ltr'><strong>inter</strong></span> 
     </span>
     <span class='ocr_line' id='line_1_26' title="bbox 98 2333 1112 2414; baseline -0.003 -17"><span class='ocrx_word' id='word_1_218' title='bbox 98 2337 213 2414; x_wconf 85' lang='lat' dir='ltr'><strong>lepram</strong></span> <span class='ocrx_word' id='word_1_219' title='bbox 233 2343 263 2396; x_wconf 91' lang='lat' dir='ltr'><strong>et</strong></span> <span class='ocrx_word' id='word_1_220' title='bbox 276 2337 402 2414; x_wconf 90' lang='lat' dir='ltr'><strong>lepram.</strong></span> <span class='ocrx_word' id='word_1_221' title='bbox 424 2337 527 2414; x_wconf 85' lang='lat' dir='ltr'><strong>Neque</strong></span> <span class='ocrx_word' id='word_1_222' title='bbox 543 2336 641 2397; x_wconf 84' lang='lat' dir='ltr'><strong>obstat</strong></span> <span class='ocrx_word' id='word_1_223' title='bbox 658 2336 757 2414; x_wconf 79' lang='lat' dir='ltr'><strong>praxis</strong></span> <span class='ocrx_word' id='word_1_224' title='bbox 775 2335 925 2411; x_wconf 83' lang='lat' dir='ltr'><strong>fidelium,</strong></span> <span class='ocrx_word' id='word_1_225' title='bbox 940 2343 974 2394; x_wconf 89' lang='lat' dir='ltr'><strong>ut</strong></span> <span class='ocrx_word' id='word_1_226' title='bbox 987 2333 1112 2411; x_wconf 90' lang='lat' dir='ltr'><strong>opponi·</strong></span> 
     </span>
     <span class='ocr_line' id='line_1_27' title="bbox 97 2417 1111 2500; baseline -0.002 -20"><span class='ocrx_word' id='word_1_227' title='bbox 97 2429 167 2494; x_wconf 87' lang='lat' dir='ltr'><strong>tur;</strong></span> <span class='ocrx_word' id='word_1_228' title='bbox 182 2439 251 2481; x_wconf 86' lang='lat' dir='ltr'><strong>nam</strong></span> <span class='ocrx_word' id='word_1_229' title='bbox 263 2421 443 2500; x_wconf 86' lang='lat' dir='ltr'><strong>respondent</strong></span> <span class='ocrx_word' id='word_1_230' title='bbox 455 2417 573 2481; x_wconf 82' lang='lat' dir='ltr'><strong>Holzm.</strong></span> <span class='ocrx_word' id='word_1_231' title='bbox 587 2428 615 2480; x_wconf 85' lang='lat' dir='ltr'><strong>et</strong></span> <span class='ocrx_word' id='word_1_232' title='bbox 625 2417 710 2482; x_wconf 72' lang='lat' dir='ltr'><strong>nitet</strong></span> <span class='ocrx_word' id='word_1_233' title='bbox 718 2437 786 2480; x_wconf 82' lang='lat' dir='ltr'><strong>oum</strong></span> <span class='ocrx_word' id='word_1_234' title='bbox 797 2419 944 2490; x_wconf 78' lang='lat' dir='ltr'><strong>Herinex,</strong></span> <span class='ocrx_word' id='word_1_235' title='bbox 957 2417 1036 2496; x_wconf 82' lang='lat' dir='ltr'><strong>qubd</strong></span> <span class='ocrx_word' id='word_1_236' title='bbox 1049 2436 1111 2478; x_wconf 86' lang='lat' dir='ltr'><strong>me-</strong></span> 
     </span>
     <span class='ocr_line' id='line_1_28' title="bbox 97 2502 1112 2580; baseline -0.005 -14"><span class='ocrx_word' id='word_1_237' title='bbox 97 2502 161 2566; x_wconf 79' lang='lat' dir='ltr'><strong>aito</strong></span> <span class='ocrx_word' id='word_1_238' title='bbox 179 2503 331 2566; x_wconf 88' lang='lat' dir='ltr'><strong>dubitatur</strong></span> <span class='ocrx_word' id='word_1_239' title='bbox 348 2523 386 2565; x_wconf 89' lang='lat' dir='ltr'><strong>an</strong></span> <span class='ocrx_word' id='word_1_240' title='bbox 407 2505 510 2566; x_wconf 87' lang='lat' dir='ltr'><strong>fideles</strong></span> <span class='ocrx_word' id='word_1_241' title='bbox 521 2504 718 2565; x_wconf 80' lang='lat' dir='ltr'><strong>confiteantur</strong></span> <span class='ocrx_word' id='word_1_242' title='bbox 728 2505 863 2566; x_wconf 87' lang='lat' dir='ltr'><strong>mortalia</strong></span> <span class='ocrx_word' id='word_1_243' title='bbox 880 2502 969 2562; x_wconf 90' lang='lat' dir='ltr'><strong>dubia</strong></span> <span class='ocrx_word' id='word_1_244' title='bbox 987 2519 1023 2563; x_wconf 88' lang='lat' dir='ltr'><strong>ex</strong></span> <span class='ocrx_word' id='word_1_245' title='bbox 1042 2519 1112 2580; x_wconf 87' lang='lat' dir='ltr'><strong>per·</strong></span> 
     </span>
    </p>
   </div>
   <div class='ocr_carea' id='block_1_5' title="bbox 32 2587 1142 3680">
    <p class='ocr_par' dir='ltr' id='par_1_5' title="bbox 32 2587 1111 3090">
     <span class='ocr_line' id='line_1_29' title="bbox 99 2587 1110 2667; baseline -0.002 -19"><span class='ocrx_word' id='word_1_246' title='bbox 99 2587 235 2649; x_wconf 80' lang='lat' dir='ltr'><strong>suasione</strong></span> <span class='ocrx_word' id='word_1_247' title='bbox 249 2589 435 2667; x_wconf 76' lang='lat' dir='ltr'><strong>obligationis</strong></span> <span class='ocrx_word' id='word_1_248' title='bbox 449 2632 457 2661; x_wconf 97' lang='lat'><strong>,</strong></span> <span class='ocrx_word' id='word_1_249' title='bbox 471 2589 519 2649; x_wconf 83' lang='lat' dir='ltr'><strong>vel</strong></span> <span class='ocrx_word' id='word_1_250' title='bbox 535 2607 572 2648; x_wconf 90' lang='lat' dir='ltr'><strong>an</strong></span> <span class='ocrx_word' id='word_1_251' title='bbox 592 2589 631 2650; x_wconf 95' lang='lat' dir='ltr'><strong>ob</strong></span> <span class='ocrx_word' id='word_1_252' title='bbox 642 2587 736 2666; x_wconf 89' lang='lat' dir='ltr'><strong>majus</strong></span> <span class='ocrx_word' id='word_1_253' title='bbox 753 2589 937 2650; x_wconf 75' lang='lat' dir='ltr'><strong>conscientiae</strong></span> <span class='ocrx_word' id='word_1_254' title='bbox 953 2587 1110 2663; x_wconf 90' lang='lat' dir='ltr'><strong>levamen&#39;;</strong></span> 
     </span>
     <span class='ocr_line' id='line_1_30' title="bbox 32 2672 1111 2754; baseline -0.001 -21"><span class='ocrx_word' id='word_1_255' title='bbox 32 2689 40 2696; x_wconf 89' lang='lat'>·</span> <span class='ocrx_word' id='word_1_256' title='bbox 60 2740 62 2744; x_wconf 52' lang='grc'>,</span> <span class='ocrx_word' id='word_1_257' title='bbox 98 2681 225 2754; x_wconf 87' lang='lat' dir='ltr'><strong>propter</strong></span> <span class='ocrx_word' id='word_1_258' title='bbox 244 2673 300 2734; x_wconf 86' lang='lat' dir='ltr'><strong>boo</strong></span> <span class='ocrx_word' id='word_1_259' title='bbox 315 2674 396 2734; x_wconf 89' lang='lat' dir='ltr'><strong>enim</strong></span> <span class='ocrx_word' id='word_1_260' title='bbox 410 2673 511 2734; x_wconf 84' lang='lat' dir='ltr'><strong>fideles</strong></span> <span class='ocrx_word' id='word_1_261' title='bbox 522 2675 655 2734; x_wconf 81' lang='lat' dir='ltr'><strong>adsolent</strong></span> <span class='ocrx_word' id='word_1_262' title='bbox 673 2673 806 2734; x_wconf 75' lang='lat' dir='ltr'><strong>confiteri</strong></span> <span class='ocrx_word' id='word_1_263' title='bbox 826 2674 915 2732; x_wconf 88' lang='lat' dir='ltr'><strong>etiam</strong></span> <span class='ocrx_word' id='word_1_264' title='bbox 927 2679 1043 2750; x_wconf 82' lang='lat' dir='ltr'><strong>peecata</strong></span> <span class='ocrx_word' id='word_1_265' title='bbox 1055 2672 1111 2732; x_wconf 89' lang='lat' dir='ltr'><strong>du·</strong></span> 
     </span>
     <span class='ocr_line' id='line_1_31' title="bbox 98 2757 1110 2837; baseline -0.001 -19"><span class='ocrx_word' id='word_1_266' title='bbox 98 2758 149 2818; x_wconf 88' lang='lat' dir='ltr'><strong>bia</strong></span> <span class='ocrx_word' id='word_1_267' title='bbox 170 2757 317 2835; x_wconf 71' lang='lat' dir='ltr'><strong>positive,</strong></span> <span class='ocrx_word' id='word_1_268' title='bbox 343 2775 471 2837; x_wconf 88' lang='lat' dir='ltr'><strong>quorum</strong></span> <span class='ocrx_word' id='word_1_269' title='bbox 492 2758 680 2819; x_wconf 77' lang='lat' dir='ltr'><strong>confessionis</strong></span> <span class='ocrx_word' id='word_1_270' title='bbox 704 2757 913 2835; x_wconf 80' lang='lat' dir='ltr'><strong>obligationem</strong></span> <span class='ocrx_word' id='word_1_271' title='bbox 936 2757 992 2834; x_wconf 89' lang='lat' dir='ltr'><strong>ipsi</strong></span> <span class='ocrx_word' id='word_1_272' title='bbox 1021 2757 1110 2817; x_wconf 89' lang='lat' dir='ltr'><strong>etiam</strong></span> 
     </span>
     <span class='ocr_line' id='line_1_32' title="bbox 100 2838 1109 2923; baseline -0.001 -21"><span class='ocrx_word' id='word_1_273' title='bbox 100 2841 259 2903; x_wconf 86' lang='lat' dir='ltr'><strong>adversarii</strong></span> <span class='ocrx_word' id='word_1_274' title='bbox 277 2843 339 2905; x_wconf 74' lang='lat' dir='ltr'><strong>fere</strong></span> <span class='ocrx_word' id='word_1_275' title='bbox 359 2861 461 2903; x_wconf 90' lang='lat' dir='ltr'><strong>omnes</strong></span> <span class='ocrx_word' id='word_1_276' title='bbox 479 2861 538 2904; x_wconf 94' lang='lat' dir='ltr'><strong>non</strong></span> <span class='ocrx_word' id='word_1_277' title='bbox 560 2847 731 2923; x_wconf 83' lang='lat' dir='ltr'><strong>agnoscunt.</strong></span> <span class='ocrx_word' id='word_1_278' title='bbox 756 2845 830 2902; x_wconf 83' lang='lat' dir='ltr'><strong>liem</strong></span> <span class='ocrx_word' id='word_1_279' title='bbox 856 2843 896 2901; x_wconf 88' lang='lat' dir='ltr'><strong>ait</strong></span> <span class='ocrx_word' id='word_1_280' title='bbox 917 2838 1109 2912; x_wconf 78' lang='lat' dir='ltr'><strong>Holzmoon,</strong></span> 
     </span>
     <span class='ocr_line' id='line_1_33' title="bbox 99 2924 1110 3006; baseline 0.002 -22"><span class='ocrx_word' id='word_1_281' title='bbox 99 2924 182 3004; x_wconf 78' lang='lat' dir='ltr'><strong>quaid</strong></span> <span class='ocrx_word' id='word_1_282' title='bbox 194 2929 312 3004; x_wconf 73' lang='lat' dir='ltr'><strong>praelata</strong></span> <span class='ocrx_word' id='word_1_283' title='bbox 331 2929 429 3006; x_wconf 86' lang='lat' dir='ltr'><strong>praxis</strong></span> <span class='ocrx_word' id='word_1_284' title='bbox 442 2928 518 2988; x_wconf 76' lang='lat' dir='ltr'><strong>sorte</strong></span> <span class='ocrx_word' id='word_1_285' title='bbox 534 2929 571 2987; x_wconf 92' lang='lat' dir='ltr'><strong>sit</strong></span> <span class='ocrx_word' id='word_1_286' title='bbox 596 2930 765 2988; x_wconf 82' lang='lat' dir='ltr'><strong>continuata</strong></span> <span class='ocrx_word' id='word_1_287' title='bbox 780 2945 816 2987; x_wconf 84' lang='lat' dir='ltr'><strong>ex</strong></span> <span class='ocrx_word' id='word_1_288' title='bbox 831 2945 951 3002; x_wconf 88' lang='lat' dir='ltr'><strong>errore,</strong></span> <span class='ocrx_word' id='word_1_289' title='bbox 974 2927 1026 3005; x_wconf 92' lang='lat' dir='ltr'><strong>qui</strong></span> <span class='ocrx_word' id='word_1_290' title='bbox 1050 2943 1110 2987; x_wconf 89' lang='lat' dir='ltr'><strong>noa</strong></span> 
     </span>
     <span class='ocr_line' id='line_1_34' title="bbox 98 3006 832 3090; baseline 0.004 -21"><span class='ocrx_word' id='word_1_291' title='bbox 98 3018 196 3090; x_wconf 89' lang='lat' dir='ltr'><strong>potest</strong></span> <span class='ocrx_word' id='word_1_292' title='bbox 209 3011 348 3074; x_wconf 80' lang='lat' dir='ltr'><strong>inducere</strong></span> <span class='ocrx_word' id='word_1_293' title='bbox 361 3006 603 3072; x_wconf 85' lang='lat' dir='ltr'><strong>consuetudinem</strong></span> <span class='ocrx_word' id='word_1_294' title='bbox 618 3013 832 3090; x_wconf 85' lang='lat' dir='ltr'><strong>obligatoriam.</strong></span> 
     </span>
    </p>

    <p class='ocr_par' dir='ltr' id='par_1_6' title="bbox 94 3092 1142 3680">
     <span class='ocr_line' id='line_1_35' title="bbox 99 3092 1108 3176; baseline 0.002 -22"><span class='ocrx_word' id='word_1_295' title='bbox 99 3107 102 3114; x_wconf 82' lang='lat'>·</span> <span class='ocrx_word' id='word_1_296' title='bbox 138 3095 208 3154; x_wconf 76' lang='lat' dir='ltr'><strong>tlt.</strong></span> <span class='ocrx_word' id='word_1_297' title='bbox 219 3099 339 3157; x_wconf 88' lang='lat' dir='ltr'><strong>-llino</strong></span> <span class='ocrx_word' id='word_1_298' title='bbox 349 3097 482 3157; x_wconf 86' lang='lat' dir='ltr'><strong>reserant</strong></span> <span class='ocrx_word' id='word_1_299' title='bbox 493 3094 648 3176; x_wconf 65' lang='lat' dir='ltr'><strong>Homini.</strong></span> <span class='ocrx_word' id='word_1_300' title='bbox 660 3099 689 3157; x_wconf 88' lang='lat'><strong>8.</strong></span> <span class='ocrx_word' id='word_1_301' title='bbox 700 3116 725 3156; x_wconf 86' lang='lat' dir='ltr'><strong>o.</strong></span> <span class='ocrx_word' id='word_1_302' title='bbox 735 3099 785 3156; x_wconf 79' lang='lat' dir='ltr'><strong>tt.</strong></span> <span class='ocrx_word' id='word_1_303' title='bbox 798 3115 830 3156; x_wconf 80' lang='lat' dir='ltr'><strong>o.</strong></span> <span class='ocrx_word' id='word_1_304' title='bbox 842 3098 872 3156; x_wconf 76' lang='lat'><strong>2.</strong></span> <span class='ocrx_word' id='word_1_305' title='bbox 884 3097 964 3156; x_wconf 84' lang='lat' dir='ltr'><strong>Sao.</strong></span> <span class='ocrx_word' id='word_1_306' title='bbox 975 3092 1108 3156; x_wconf 80' lang='lat' dir='ltr'><strong>Euebor.</strong></span> 
     </span>
     <span class='ocr_line' id='line_1_36' title="bbox 97 3178 1142 3261; baseline -0.002 -21"><span class='ocrx_word' id='word_1_307' title='bbox 97 3198 133 3240; x_wconf 78' lang='lat' dir='ltr'><strong>a.</strong></span> <span class='ocrx_word' id='word_1_308' title='bbox 144 3179 194 3239; x_wconf 69' lang='lat'><strong>25.</strong></span> <span class='ocrx_word' id='word_1_309' title='bbox 211 3186 240 3238; x_wconf 85' lang='lat' dir='ltr'><strong>et</strong></span> <span class='ocrx_word' id='word_1_310' title='bbox 254 3181 348 3242; x_wconf 82' lang='lat' dir='ltr'><strong>Gran.</strong></span> <span class='ocrx_word' id='word_1_311' title='bbox 359 3179 471 3240; x_wconf 79' lang='lat' dir='ltr'><strong>Leand.</strong></span> <span class='ocrx_word' id='word_1_312' title='bbox 484 3187 513 3240; x_wconf 86' lang='lat' dir='ltr'><strong>et</strong></span> <span class='ocrx_word' id='word_1_313' title='bbox 533 3178 589 3241; x_wconf 77' lang='lat' dir='ltr'><strong>otti</strong></span> <span class='ocrx_word' id='word_1_314' title='bbox 603 3199 654 3261; x_wconf 86' lang='lat' dir='ltr'><strong>op.</strong></span> <span class='ocrx_word' id='word_1_315' title='bbox 671 3180 807 3242; x_wconf 78' lang='lat' dir='ltr'><strong>Guimen.</strong></span> <span class='ocrx_word' id='word_1_316' title='bbox 823 3179 963 3240; x_wconf 71' lang='lat' dir='ltr'><strong>deducit.</strong></span> <span class='ocrx_word' id='word_1_317' title='bbox 977 3180 1108 3258; x_wconf 70' lang='lat' dir='ltr'><strong>prop-5.</strong></span> <span class='ocrx_word' id='word_1_318' title='bbox 1139 3188 1142 3191; x_wconf 78' lang='grc'>’</span> 
     </span>
     <span class='ocr_line' id='line_1_37' title="bbox 94 3262 1108 3344; baseline -0.003 -19"><span class='ocrx_word' id='word_1_319' title='bbox 94 3265 185 3325; x_wconf 72' lang='lat' dir='ltr'><strong>&#39;aaron</strong></span> <span class='ocrx_word' id='word_1_320' title='bbox 197 3265 240 3336; x_wconf 70' lang='lat'><strong>2,</strong></span> <span class='ocrx_word' id='word_1_321' title='bbox 255 3283 315 3324; x_wconf 89' lang='lat' dir='ltr'><strong>non</strong></span> <span class='ocrx_word' id='word_1_322' title='bbox 330 3265 426 3325; x_wconf 71' lang='lat' dir='ltr'><strong>teneri</strong></span> <span class='ocrx_word' id='word_1_323' title='bbox 441 3265 478 3324; x_wconf 91' lang='lat' dir='ltr'><strong>ad</strong></span> <span class='ocrx_word' id='word_1_324' title='bbox 491 3265 723 3339; x_wconf 82' lang='lat' dir='ltr'><strong>confessionem,</strong></span> <span class='ocrx_word' id='word_1_325' title='bbox 740 3267 791 3344; x_wconf 92' lang='lat' dir='ltr'><strong>qui</strong></span> <span class='ocrx_word' id='word_1_326' title='bbox 805 3265 870 3323; x_wconf 87' lang='lat' dir='ltr'><strong>vult</strong></span> <span class='ocrx_word' id='word_1_327' title='bbox 879 3262 1108 3332; x_wconf 78' lang='lat' dir='ltr'><strong>communicare,</strong></span> 
     </span>
     <span class='ocr_line' id='line_1_38' title="bbox 98 3345 1109 3428; baseline -0.002 -20"><span class='ocrx_word' id='word_1_328' title='bbox 98 3357 131 3408; x_wconf 86' lang='lat' dir='ltr'><strong>et</strong></span> <span class='ocrx_word' id='word_1_329' title='bbox 141 3346 274 3425; x_wconf 76' lang='lat' dir='ltr'><strong>negative</strong></span> <span class='ocrx_word' id='word_1_330' title='bbox 292 3347 431 3422; x_wconf 87' lang='lat' dir='ltr'><strong>dubitat,</strong></span> <span class='ocrx_word' id='word_1_331' title='bbox 450 3367 487 3408; x_wconf 89' lang='lat' dir='ltr'><strong>an</strong></span> <span class='ocrx_word' id='word_1_332' title='bbox 509 3350 673 3428; x_wconf 84' lang='lat' dir='ltr'><strong>peccaverit</strong></span> <span class='ocrx_word' id='word_1_333' title='bbox 685 3349 870 3419; x_wconf 86' lang='lat' dir='ltr'><strong>mortaliter,</strong></span> <span class='ocrx_word' id='word_1_334' title='bbox 887 3345 953 3406; x_wconf 79' lang='lat' dir='ltr'><strong>tum</strong></span> <span class='ocrx_word' id='word_1_335' title='bbox 969 3345 1109 3424; x_wconf 88' lang='lat' dir='ltr'><strong>quianon</strong></span> 
     </span>
     <span class='ocr_line' id='line_1_39' title="bbox 98 3430 1110 3513; baseline -0.003 -20"><span class='ocrx_word' id='word_1_336' title='bbox 98 3431 193 3508; x_wconf 85' lang='lat' dir='ltr'><strong>magis</strong></span> <span class='ocrx_word' id='word_1_337' title='bbox 208 3440 293 3510; x_wconf 88' lang='lat' dir='ltr'><strong>urget</strong></span> <span class='ocrx_word' id='word_1_338' title='bbox 304 3438 484 3513; x_wconf 74' lang='lat' dir='ltr'><strong>praeseptum</strong></span> <span class='ocrx_word' id='word_1_339' title='bbox 494 3432 692 3512; x_wconf 82' lang='lat' dir='ltr'><strong>praemittendi</strong></span> <span class='ocrx_word' id='word_1_340' title='bbox 707 3431 918 3492; x_wconf 81' lang='lat' dir='ltr'><strong>consessionem</strong></span> <span class='ocrx_word' id='word_1_341' title='bbox 929 3430 967 3490; x_wconf 91' lang='lat' dir='ltr'><strong>ad</strong></span> <span class='ocrx_word' id='word_1_342' title='bbox 982 3447 1110 3490; x_wconf 85' lang='lat' dir='ltr'><strong>commu·</strong></span> 
     </span>
     <span class='ocr_line' id='line_1_40' title="bbox 98 3514 1109 3595; baseline -0.004 -19"><span class='ocrx_word' id='word_1_343' title='bbox 98 3515 241 3586; x_wconf 84' lang='lat' dir='ltr'><strong>trionem,</strong></span> <span class='ocrx_word' id='word_1_344' title='bbox 266 3515 354 3593; x_wconf 74' lang='lat' dir='ltr'><strong>quam</strong></span> <span class='ocrx_word' id='word_1_345' title='bbox 376 3527 554 3595; x_wconf 71' lang='lat' dir='ltr'><strong>praeceptum</strong></span> <span class='ocrx_word' id='word_1_346' title='bbox 575 3517 711 3576; x_wconf 87' lang='lat' dir='ltr'><strong>servandi</strong></span> <span class='ocrx_word' id='word_1_347' title='bbox 730 3516 928 3592; x_wconf 85' lang='lat' dir='ltr'><strong>integritatem</strong></span> <span class='ocrx_word' id='word_1_348' title='bbox 955 3514 1109 3574; x_wconf 83' lang='lat' dir='ltr'><strong>consessio·</strong></span> 
     </span>
     <span class='ocr_line' id='line_1_41' title="bbox 97 3597 1108 3680; baseline -0.004 -18"><span class='ocrx_word' id='word_1_349' title='bbox 97 3599 168 3674; x_wconf 87' lang='lat' dir='ltr'><strong>ais,</strong></span> <span class='ocrx_word' id='word_1_350' title='bbox 184 3607 344 3680; x_wconf 86' lang='lat' dir='ltr'><strong>atrumque</strong></span> <span class='ocrx_word' id='word_1_351' title='bbox 362 3603 443 3662; x_wconf 88' lang='lat' dir='ltr'><strong>onim</strong></span> <span class='ocrx_word' id='word_1_352' title='bbox 455 3609 497 3662; x_wconf 87' lang='lat' dir='ltr'><strong>est</strong></span> <span class='ocrx_word' id='word_1_353' title='bbox 507 3601 544 3663; x_wconf 84' lang='lat' dir='ltr'><strong>de</strong></span> <span class='ocrx_word' id='word_1_354' title='bbox 558 3599 628 3680; x_wconf 84' lang='lat' dir='ltr'><strong>jure</strong></span> <span class='ocrx_word' id='word_1_355' title='bbox 640 3599 761 3679; x_wconf 74' lang='lat' dir='ltr'><strong>divino,</strong></span> <span class='ocrx_word' id='word_1_356' title='bbox 774 3597 839 3660; x_wconf 78' lang='lat' dir='ltr'><strong>tiam</strong></span> <span class='ocrx_word' id='word_1_357' title='bbox 851 3601 918 3679; x_wconf 88' lang='lat' dir='ltr'><strong>quia</strong></span> <span class='ocrx_word' id='word_1_358' title='bbox 930 3607 1108 3679; x_wconf 70' lang='lat' dir='ltr'><strong>preceptum</strong></span> 
     </span>
    </p>
   </div>
   <div class='ocr_carea' id='block_1_6' title="bbox 0 0 1230 3975">
    <p class='ocr_par' dir='ltr' id='par_1_7' title="bbox 0 0 1230 3975">
     <span class='ocr_line' id='line_1_42' title="bbox 0 0 1230 3975; baseline 0 0"><span class='ocrx_word' id='word_1_359' title='bbox 0 0 1230 3975; x_wconf 95' lang='lat' dir='ltr'><strong> </strong></span> 
     </span>
    </p>
   </div>
  </div>
 </body>
</html>
