2450 3975
91 164 152 227 tot
324 160 435 227 emo.
450 160 865 227 mussitaturus.

85 290 144 355 pra
163 269 213 335 iris
231 269 413 351 merifieiurn
433 270 557 353 otium,
577 270 715 353 verbique
734 271 834 335 diuini
854 273 1104 355 predicationis.

86 364 140 419 eta.
156 358 348 419 illudentem
363 366 545 435 preceptum
560 356 698 417 divinum
718 355 845 423 habetor
860 358 939 437 spud
952 362 1105 423 loannem

87 441 123 521 (e.
136 444 187 503 il.
201 441 248 515 ί.
260 441 347 519 lide
361 444 453 504 Pasce
470 459 538 503 ores
553 458 645 505 meaa.
662 443 745 503 Sicut
759 441 851 521 igitur
864 452 982 505 tenetur
1001 456 1107 527 pastor

86 544 153 587 suas
171 543 241 587 oves
258 543 376 606 pascere
394 526 623 605 predicatione,
642 536 894 589 sacramentorum
909 528 1105 591 administra·

86 609 187 685 tione,
206 612 393 689 correptione
405 619 463 671 eta.
473 653 484 681 ,
496 611 539 670 sic
549 611 640 675 ctiam
654 614 774 673 tenetur
791 629 909 689 pascere
926 614 1108 692 applicando

86 694 273 757 cisiractom
282 693 648 774 meriiicii3qoaproptcr,
660 696 844 774 sicotpastor
855 696 1014 775 impeditus
1026 718 1108 778 prc-

87 777 207 853 diccre,
226 781 274 841 vel
295 786 479 842 umcmcnta
498 779 726 851 administrare,
748 788 869 842 tenetur
888 781 1049 859 predicare
1073 794 1110 847 et

86 863 294 925 administrare
313 870 494 924 sacramenta
515 880 570 942 per
590 863 683 925 alium
695 884 705 947 ς
718 864 759 925 ita
775 864 937 945 impeditus
951 868 1108 947 applicare

86 951 283 1027 perseipsum
297 947 409 1026 populo
422 946 541 1011 missam
550 991 561 1024 ,
578 955 699 1011 tenetur
717 964 770 1027 per
789 948 881 1015 alium
898 952 1046 1029 applicare
1058 972 1108 1013 aa·

86 1033 188 1094 crificii
213 1033 365 1105 fructum,
383 1030 466 1109 quod
486 1039 532 1091 est
553 1032 707 1111 pasculum
730 1030 853 1111 utilius,
875 1050 935 1111 quo
954 1038 1102 1117 populum

82 1118 188 1196 jurare
206 1124 316 1196 potest.
409 1152 413 1156 .

126 1203 158 1264 st
177 1211 276 1264 autem
296 1198 436 1281 parcelli.
448 1207 481 1262 et
498 1216 602 1265 omnes
619 1200 729 1281 quibus
744 1208 815 1271 earn
834 1202 1001 1265 animarum
1018 1223 1103 1267 com·

86 1291 175 1351 missa
194 1298 260 1361 est,
280 1297 423 1349 tenentur
442 1287 475 1347 in
486 1286 650 1347 Dominicis
671 1291 702 1346 et
718 1286 798 1348 lastis
814 1286 853 1347 de
870 1296 1015 1370 praecepto
1028 1294 1103 1349 mis·

85 1392 148 1433 sam
168 1369 337 1447 celebrare,
351 1380 383 1431 et
402 1371 553 1450 applicare
565 1388 623 1449 pro
640 1370 769 1449 populo;
790 1370 875 1433 tantis
894 1374 986 1451 magis
1007 1372 1044 1433 ad
1067 1374 1100 1434 id

85 1466 226 1519 tenentur
242 1455 399 1537 Episcopi,
419 1465 559 1532 tanquam
577 1454 801 1535 principaliores
814 1457 980 1517 animarum
999 1466 1102 1537 pasto-

85 1560 144 1603 res.
155 1544 222 1603 Non
243 1551 343 1601 autem
362 1538 401 1599 ad
415 1536 472 1600 hcc
492 1547 634 1601 tenentur
651 1539 804 1617 qnotidie,
821 1541 969 1620 quidquid
982 1542 1103 1605 dicatur

84 1628 117 1689 in
132 1645 199 1708 cap.
216 1624 366 1704 Quoniam
382 1623 418 1686 de
438 1621 581 1706 Prioiiep.
595 1613 630 1685 in
643 1626 673 1684 6.
690 1642 759 1693 num
779 1626 882 1687 eodem
895 1645 962 1707 cap.
976 1628 1100 1701 dieitur,

84 1711 166 1792 quta
187 1712 287 1772 divina
304 1708 462 1774 celebratio
485 1709 598 1785 missac,
612 1710 660 1771 rel
680 1704 792 1771 auditio
807 1711 917 1790 (quoad
929 1712 1103 1791 Episcopos)

84 1805 130 1857 est
154 1795 271 1857 tantiam
292 1796 330 1856 de
348 1794 500 1867 decentia,
515 1811 577 1855 non
594 1790 667 1861 reri
686 1792 725 1855 de
741 1794 931 1872 obligatione.
948 1794 1101 1869 Quoniam

39 1905 41 1910 ·
84 1881 185 1959 (rerba
196 1878 442 1961 textis)dpr'.raopi
449 1922 458 1950 ,
469 1895 627 1959 semenque
639 1875 821 1958 superiores,
835 1894 866 1940 se
881 1876 989 1939 tatem
1003 1876 1101 1939 diver·

81 1963 125 2026 sis
147 1964 301 2026 maauaie
321 1966 342 2024 d
363 1964 427 2024 suis
444 1959 602 2041 sanein,
626 1971 656 2024 et
672 1960 840 2026 dioecesibus
861 1960 1015 2025 absentare
1035 1961 1102 2043 sre-

82 2057 224 2129 quanter,
237 2065 291 2108 nea
396 2054 433 2106 nt
449 2063 564 2126 tempu
582 2046 730 2110 commodi
749 2047 789 2109 ad
808 2043 954 2108 Ecclesiae
969 2047 1102 2110 accedere

82 2151 137 2216 pro
155 2132 248 2194 mesae
268 2148 298 2192 ce
325 2129 456 2208 mando,
474 2129 523 2191 oei
539 2129 690 2193 audienda
708 2131 742 2193 in
761 2131 854 2212 ipsis,
875 2131 941 2192 sine
963 2147 1024 2210 qun
1044 2151 1100 2192 eoa

83 2216 212 2280 transire
233 2234 295 2278 non
311 2214 390 2278 decet
406 2217 488 2296 (nota
501 2233 563 2277 non
582 2215 672 2296 decet)
686 2214 739 2279 obs
759 2235 795 2278 ne
811 2233 904 2276 consa
922 2214 1104 2279 rationabili

81 2297 178 2362 udam
197 2300 275 2364 diem
293 2304 461 2382 apresenti
474 2301 680 2362 constitutione
699 2235 773 2362 insin
804 2318 886 2361 cneus
912 2297 1036 2377 endem,
1060 2309 1099 2362 nt

81 2383 177 2446 citare
193 2383 310 2466 possint
325 2383 431 2446 labem
448 2384 609 2462 uiaticum,
625 2382 704 2445 etin
722 2402 754 2445 eo
776 2382 936 2459 celebrare,
951 2403 986 2444 ac
998 2383 1097 2466 facere

81 2468 246 2544 celebrare,
270 2469 445 2553 mirumque
470 2469 579 2548 adsone
605 2466 756 2530 interdicti
781 2470 1009 2550 trottepreest'one
1033 2463 1099 2532 iilis

79 2555 264 2639 permittitur
281 2552 423 2617 eedbrare
439 2551 610 2614 celandire
622 2551 749 2614 Divina.

119 2643 188 2702 527.
202 2670 242 2686 -·
260 2666 274 2696 a
292 2642 323 2702 8.
341 2641 400 2714 Qui
422 2638 606 2717 stipendium
630 2655 685 2714 pro
707 2655 790 2699 sacro
814 2637 948 2713 accepit,
971 2643 1098 2700 tenetur

80 2748 94 2780 a
118 2724 219 2785 dicere
230 2725 347 2784 missam
362 2741 416 2801 pro
428 2723 594 2800 defunctis,
611 2722 659 2781 vel
672 2723 820 2793 votivam,
832 2723 880 2782 vel
903 2723 935 2780 in
952 2717 1027 2793 hoc,
1041 2731 1098 2782 aut

81 2834 95 2862 a
119 2808 177 2866 isto
186 2807 392 2884 altari‚pront
401 2808 557 2885 pecuniam
568 2805 695 2866 offerens
706 2807 811 2885 petivit
821 2805 977 2884 (quantum
994 2813 1096 2867 tamen

81 2917 94 2947 s
118 2891 246 2952 rubricae
265 2890 464 2967 permittunt,
484 2890 593 2968 quibus
615 2891 779 2968 neglectis,
801 2889 936 2950 Ecclesiae
955 2886 1096 2952 ordinem

78 3003 94 3037 a
118 2979 288 3045 invertere,
309 2973 348 3033 oh
366 2974 488 3035 alterius
510 2975 723 3047 devotionem,
749 2976 811 3036 non
834 2971 985 3052 convenit)
999 2993 1009 3048 3
1022 2975 1096 3050 quia

79 3089 93 3118 n
117 3062 156 3122 ob
173 3060 238 3139 ejus
257 3056 466 3130 devotionem,
479 3065 510 3117 et
528 3059 668 3136 speciales
682 3059 850 3131 orationes,
869 3055 964 3134 major
980 3055 1096 3116 fructus

79 3174 93 3204 ι
117 3146 275 3227 provenire
292 3144 378 3203 solet.
390 3143 421 3202 Si
434 3150 535 3203 tamen
548 3143 634 3205 aliter
646 3143 750 3219 iaciat,
765 3143 894 3204 nouerit
909 3157 998 3218 grave
1009 3159 1018 3215 ;
1029 3139 1094 3203 imd

73 3261 91 3288 a
119 3234 235 3294 nullum
245 3276 254 3307 ,
275 3230 300 3290 si
317 3227 369 3289 fiat
386 3225 465 3304 justa
478 3228 516 3288 de
534 3246 630 3288 eausa.
649 3225 721 3291 Vide
731 3225 827 3288 Dian.
840 3225 875 3288 de
887 3221 990 3287 celebr.
1004 3223 1092 3286 nuiss.

79 3344 93 3372 r
117 3336 143 3378 r.
157 3319 207 3378 29.
220 3325 249 3376 ct
260 3317 309 3377 51.
326 3311 415 3375 Card.
429 3312 465 3375 de
475 3315 559 3394 Lupo
575 3309 597 3372 i.
611 3331 636 3373 c.
651 3330 682 3372 n.
698 3313 748 3373 ott.

116 3404 185 3462 52&
199 3433 239 3446 -—
256 3427 269 3454 ι
288 3403 318 3461 9.
335 3402 382 3472 Is,
403 3400 455 3478 qui
473 3399 570 3478 quoad
586 3399 701 3468 locum,
721 3405 857 3476 tempus,
872 3395 1093 3470 intentionem,

79 3509 92 3535 a
116 3483 287 3556 qualitatem
300 3485 396 3544 missac
407 3502 467 3544 non
479 3483 635 3558 satisfacit,
647 3483 711 3542 sine
724 3479 921 3557 jactantiose,
940 3481 1095 3542 voluntati
1217 3499 1220 3508 “

77 3590 90 3615 a
115 3561 299 3635 fundatoris,
318 3577 441 3644 paccst;
462 3569 636 3646 etquidem
657 3567 809 3644 graviter,
832 3566 857 3626 si
880 3562 957 3642 saepe
979 3563 1094 3640 iaciat,
