2450 3975
126 142 185 208 558
378 138 444 206 Lib.
456 142 485 202 6.
502 143 601 203 Tract.
615 137 892 219 ά.1)θρωηίίοηῑία.

123 259 190 305 mos
200 244 332 327 expressi
346 248 421 303 tenet
435 236 514 303 solas
527 239 780 315 circumstantias,
793 258 860 321 aaa
871 240 992 320 speciem
1003 248 1134 315 mutant,
1220 286 1222 330 t

124 344 185 389 mae
203 324 392 407 confitendas.
419 325 501 385 Idem
524 325 614 386 sentit
629 326 661 386 S.
682 327 790 386 daton.
812 334 846 386 ut
864 324 940 386 inici
956 326 1133 393 videbimus.

125 410 209 473 ldem
221 413 307 481 Solus
320 429 372 491 ap.
384 409 508 471 taenia.
519 406 541 469 l.
554 426 579 469 o.
592 426 625 491 p.
638 410 706 473 468.
726 409 778 469 ubi
791 409 863 469 dicit
876 430 884 468 :
895 411 937 469 D.
952 409 1006 471 Tb.
1021 418 1137 473 senten·

125 494 199 555 tiam
217 502 378 568 mutasset,
400 494 537 555 civitam
554 510 647 572 usqae
666 492 707 554 ad
721 491 814 573 finem
835 511 898 555 ma
916 496 1047 557 Samma
1066 513 1138 579 pro-

125 577 268 641 duxisset.
281 580 348 639 llas
364 586 461 641 tamen
477 576 631 657 prophetia
649 584 694 638 est
706 578 744 637 Ρ.
765 577 847 650 Soti,
860 596 921 638 non
932 578 1003 639 verb
1018 586 1138 643 seuten-

125 663 165 723 tia
181 665 221 723 D.
235 662 364 726 stenae.
375 664 512 723 Attamen
524 664 562 722 P.
574 664 660 723 Coae.
671 680 705 745 p.
721 663 788 721 503.
807 681 840 724 a.
855 664 898 734 4.,
910 662 995 723 aliter
1009 664 1139 742 explicat

125 748 281 825 praelatum
303 755 437 818 textum,
462 756 492 807 et
513 746 603 823 dicit,
629 746 710 825 qubd
735 747 767 805 S.
792 748 902 807 Doctor
920 764 981 807 non
1004 747 1139 827 loquitur

126 830 169 891 ibi
189 831 227 891 de
245 832 493 903 circumstantiis,
507 850 572 909 quae
586 830 730 908 adjiciunt
749 830 894 890 malitiam
910 832 1140 894 constituentem

127 926 277 995 peecatum
303 916 446 987 mortale,
470 914 520 976 sed
545 916 582 975 de
602 918 638 975 iis
656 935 723 994 quae
745 915 872 975 confinia
883 917 994 995 peccati
1015 918 1140 977 venialis

128 1018 189 1061 non
204 1002 373 1061 transiliunt
387 1024 396 1075 3
408 1002 497 1079 idque
516 1000 636 1061 deducit
657 1018 693 1059 en
709 1000 846 1071 ratione,
860 1002 994 1079 quamS.
1012 1001 1141 1065 Thomas

128 1084 169 1143 ibi
189 1085 306 1145 subdit:
324 1085 417 1166 Cujus
430 1090 523 1163 ratio,
537 1086 609 1167 qaia
628 1081 760 1145 occcialia
777 1103 838 1145 aaa
849 1094 922 1146 scant
929 1085 963 1145 de
973 1088 1141 1149 necessitate

127 1166 338 1247 confessionis,
361 1170 411 1232 aed
433 1169 529 1233 solim
550 1167 712 1244 mortalia,
735 1186 801 1251 aaa
818 1170 1016 1250 quantitatem
1039 1170 1142 1250 infini-

129 1259 191 1311 tam
216 1252 430 1332 quodammodo
451 1254 569 1319 babent.
591 1256 630 1315 At
658 1255 745 1315 venia
769 1254 844 1315 tanti
869 1256 927 1315 viri
940 1273 1004 1315 non
1023 1256 1144 1317 uidetur

128 1335 190 1399 hceo
206 1340 411 1421 interpretatio
429 1342 526 1402 locum
551 1341 681 1417 habere3
705 1360 774 1401 nam
793 1340 988 1419 respondetur
1011 1343 1041 1402 l.
1061 1342 1143 1421 qudd

129 1428 268 1501 quaestio,
296 1448 362 1507 qua
389 1429 467 1489 dl).
498 1426 611 1489 utone
645 1426 686 1485 ibi
719 1428 918 1506 proponitur,
944 1435 988 1487 est
1021 1428 1144 1506 signan-

129 1520 175 1569 ter
191 1509 229 1570 de
254 1514 506 1586 circumstantiis,
525 1532 592 1594 qaae
614 1509 748 1591 aliquam
767 1510 924 1574 notabilem
945 1514 1144 1594 quantitatem

129 1603 243 1673 peccato
257 1596 381 1660 addunt.
407 1598 483 1659 lllud
503 1607 600 1657 autom
620 1595 779 1657 notabilem
793 1596 988 1676 quantitatem
1011 1618 1073 1661 non
1089 1618 1143 1677 po-

131 1687 187 1739 test
201 1682 320 1759 quidem
339 1685 464 1765 intelligi
478 1685 553 1743 cirea
570 1691 722 1761 peccatum
736 1683 851 1742 veniale
865 1725 874 1752 ,
896 1682 947 1748 sed
959 1683 1037 1745 eirca
1062 1703 1144 1745 mor-

131 1765 206 1838 tale,
221 1768 318 1847 primb
333 1770 513 1848 quianullus
534 1787 667 1847 unquam
682 1767 719 1826 de
732 1768 788 1828 hoc
800 1768 946 1827 dubitavit
958 1790 968 1846 3
979 1770 1046 1847 quis
1062 1770 1144 1831 euim

130 1848 206 1911 dixit
223 1863 274 1914 eut
294 1856 405 1915 consini
431 1862 526 1934 potest
549 1854 675 1926 dixisse,
702 1854 934 1915 circumstantias
962 1856 1073 1931 peceati
1093 1872 1145 1919 ne·

131 1935 216 1995 nialis
232 1956 294 1998 esse
313 1939 474 2000 necessario
496 1937 779 2011 confitendas,ci1m
798 1938 876 2017 apud
891 1956 993 2003 omnes
1011 1958 1145 2018 comper·
1220 1963 1221 2007 ς

131 2027 196 2077 tum
219 2021 257 2080 sit
281 2023 343 2100 ipsa
372 2025 498 2084 venialia
527 2043 588 2084 non
607 2043 669 2084 esse
691 2024 729 2084 de
755 2025 924 2084 necessitate
949 2025 1146 2101 confitenda?
1220 2012 1221 2035 ¹

131 2103 283 2176 Secunda,
307 2109 376 2186 quia
399 2110 441 2167 D.
465 2107 592 2168 Tltomas
614 2110 657 2168 ibi
683 2109 816 2186 loquitur
840 2109 878 2170 de
897 2109 1144 2188 circumstantiis,

131 2205 198 2264 quta
217 2192 379 2252 notabilem
397 2193 591 2270 quantitatem
611 2201 729 2272 peccato
754 2193 885 2269 addunt,
903 2192 966 2254 ltaeo
981 2204 1081 2264 autem
1095 2214 1146 2256 no·

131 2273 231 2334 tabilis
249 2279 398 2354 quantitas¹
420 2276 581 2351 necessario
600 2278 687 2349 debet
711 2277 836 2356 intelligi
866 2277 903 2337 de
925 2279 1146 2351 circumstantia
1220 2291 1222 2317 t

133 2361 242 2436 peccati
255 2357 411 2435 mortalis,
427 2379 488 2422 non
508 2371 607 2422 autem
624 2362 756 2422 venialis.
780 2363 815 2420 Et
829 2360 908 2440 quod
924 2363 963 2422 ita
985 2363 1047 2436 sit,
1067 2364 1147 2424 clare

132 2451 213 2521 patet
228 2463 264 2505 ex
284 2448 399 2508 ratione
421 2449 470 2505 illa
493 2466 580 2524 quam
600 2447 700 2512 subdit
718 2448 749 2506 S.
763 2449 894 2518 Doctor,
914 2445 994 2525 qaid
1012 2446 1147 2515 venialia

133 2545 195 2588 non
213 2539 285 2591 sant
296 2530 331 2592 de
354 2531 520 2594 necessitate
534 2527 723 2612 consessionis
732 2555 745 2608 ,·
763 2550 829 2608 quae
851 2531 970 2613 quidem
984 2534 1061 2592 ratio
1084 2553 1147 2617 nou

130 2613 193 2692 jam
212 2619 331 2696 respicit
353 2637 435 2678 suem
459 2619 652 2698 principalem
672 2617 870 2688 sententiam,
892 2627 927 2678 ut
952 2618 1092 2698 intelligit
1103 2623 1146 2681 P.

112 2759 113 2762 ,
137 2701 236 2775 Cone,
251 2721 357 2780 nempe
372 2702 451 2782 qubd
468 2720 528 2763 non
546 2710 680 2784 oporteat
700 2702 834 2764 confiteri
845 2702 1078 2764 circumstantias
1091 2725 1149 2768 no·

135 2785 265 2848 tabiliter
284 2798 493 2866 aggravantes,
510 2797 613 2868 utpote
631 2789 780 2868 quiasunt
793 2786 917 2848 venialia
931 2808 939 2846 ε
955 2787 1006 2848 sed
1025 2789 1149 2869 respicit

135 2869 209 2928 illud
235 2891 243 2928 a
269 2871 441 2933 Addendom
466 2880 509 2932 est
526 2874 616 2952 (quod
636 2869 805 2933 immediati
827 2870 996 2953 praecedit),
1020 2891 1089 2954 qma
1106 2871 1151 2936 act

135 2951 230 3014 otiam
247 2955 370 3036 speciem
380 2959 491 3037 peceati
502 2955 638 3018 mortalis
654 2957 788 3018 trabant.
803 2956 917 3035 Quibus
932 2955 1032 3018 verbis
1044 2958 1148 3038 aperte

135 3045 175 3100 D.
191 3040 246 3103 Tit.
267 3041 426 3122 signifieat,
442 3041 521 3123 qudd
550 3043 776 3103 circumstantiae
795 3041 905 3123 peceati
926 3042 1059 3102 mortalis
1078 3061 1150 3105 mu-

136 3133 230 3188 tentes
255 3129 380 3206 speciem
399 3125 477 3186 certd
499 3137 567 3188 sunt
591 3127 783 3200 confitenda,
798 3126 867 3205 quia
887 3123 934 3187 hae
949 3129 1150 3204 quantitatem

135 3211 282 3284 infinitam
324 3211 541 3290 qttodammodo
570 3211 701 3288 babent,
727 3230 788 3272 non
817 3209 889 3270 verb
918 3211 1150 3281 circumstantias

136 3297 245 3372 peccati
259 3297 380 3372 venialis
395 3339 403 3372 ,
420 3295 533 3356 etiamsi
549 3297 609 3356 sint
625 3297 751 3366 ,diversae
773 3295 897 3374 speciei,
912 3305 942 3355 et
966 3295 1004 3356 de
1023 3295 1081 3360 hoe
1097 3316 1149 3359 ru·
1220 3341 1222 3371 ;

136 3381 247 3438 tionem
263 3381 384 3452 reddit,
399 3377 477 3459 qtcdd
494 3379 625 3440 vescialia
639 3398 700 3440 ceoa
717 3387 789 3442 sumt
802 3378 837 3439 de
854 3380 1022 3441 necessitate
1036 3380 1150 3459 conses-
1220 3381 1222 3407 ¹

134 3459 238 3520 sionis.
254 3463 366 3522 Deinde
386 3465 416 3522 id
430 3462 536 3524 clarius
553 3465 709 3525 confirmat
723 3465 833 3524 addens
848 3484 857 3524 t
872 3467 915 3522 Et
929 3463 1003 3544 qaia
1017 3463 1149 3541 ciream·

136 3542 253 3599 stamia
271 3555 465 3624 opproooates
479 3587 488 3619 ,κ
509 3565 575 3626 pua
600 3545 694 3610 aliam
720 3546 842 3628 speciem
862 3555 980 3629 peccato
998 3567 1062 3610 aon
1091 3547 1149 3611 tri·
