2450 3975
130 214 169 274 66
363 204 430 271 lib.
441 208 472 269 6.
490 206 635 270 66661.
651 202 910 266 ueemoeroue.

136 310 238 375 Tonab.
251 298 286 373 66
302 311 536 373 0616616661.
552 307 782 389 68616661.
802 306 907 369 111666
919 323 952 387 6.
964 306 995 367 9.
1010 314 1098 369 treet.
1115 309 1151 369 5.

130 416 156 457 6.
171 399 202 457 4.
215 394 397 457 1366166616.
417 394 484 455 659.
495 390 629 455 6186166.
643 392 679 454 66
690 389 789 453 uera.
798 409 824 451 c.
835 392 866 451 7.
879 409 913 471 p.
926 393 955 452 5.
971 410 1004 453 n.
1016 394 1066 455 56.
1078 411 1153 456 eune

134 484 284 542 6666616.
303 480 405 553 ilatio,
416 479 485 558 quia
497 478 656 539 idvidetur
667 475 804 555 66666666
817 484 999 555 preceptum
1011 478 1043 536 16
1060 477 1150 539 trid.

128 582 197 627 6666.
215 567 263 626 15.
275 585 299 626 6.
313 564 342 625 7.
355 582 391 625 ex
404 564 502 625 666616
519 564 578 623 11116
597 561 686 641 supra
698 562 817 621 relatis:
836 558 993 623 6166666
1006 560 1067 625 aba·
1077 580 1154 623 con-

128 651 207 712 aeiue
216 648 351 713 mortalia
358 651 484 731 peccati,
494 646 687 729 quartumvir
698 644 757 707 nbi
767 645 913 707 66616166
926 645 1154 722 61666166666·

130 752 186 815 666
200 736 357 816 prumiaco
376 730 588 793 aoeromentoli
602 729 781 809 confectione
795 728 837 791 66
861 747 980 793 roccone
994 730 1152 793 6666666·-

129 818 219 880 ationc
230 817 358 881 accedere
372 814 482 878 debeat.
501 816 577 895 Ergo
600 818 653 895 qui
670 824 739 876 ante
754 817 997 879 communionem
1008 825 1054 877 661
1072 834 1150 879 666-

128 905 205 964 66166
227 904 335 982 peccati
354 901 465 973 obliti,
492 902 579 961 debet
600 919 638 961 ex
666 898 787 978 praelato
812 908 958 977 precepto
981 898 1057 961 illud
1075 908 1150 961 ante

131 989 372 1048 communionem
392 986 537 1047 confiteri.
553 984 651 1045 Tanto
665 985 774 1062 magle,
794 985 864 1062 quia
887 985 945 1045 tale
962 992 1149 1063 preceptum

127 1073 170 1131 sic
183 1073 344 1149 explicatur
366 1070 402 1130 ab
417 1070 575 1129 universali
599 1069 735 1129 Ecclesiae
748 1070 844 1145 praxi.
861 1070 1020 1147 Excipiunt
1041 1078 1148 1129 tamen

128 1156 345 1227 communiter,
371 1163 405 1215 ut
427 1156 631 1215 6166616666
650 1170 684 1232 p.
700 1153 815 1213 5166.
837 1153 885 1215 18.
914 1156 997 1215 Ceret.
1029 1154 1146 1216 Toum.

128 1236 181 1299 loe.
202 1240 250 1299 n't.
265 1246 334 1321 poet
362 1236 451 1301 eonel.
465 1242 495 1300 t.
510 1240 587 1299 Bon.
605 1234 626 1296 l.
638 1256 664 1297 e.
679 1254 716 1296 6.-
728 1238 777 1298 18.
791 1254 859 1297 eum
870 1239 960 1299 8666.
973 1239 1147 1317 06661166.

126 1324 374 1387 6166616666.
390 1326 439 1387 65.
451 1340 517 1385 runt
524 1324 656 1384 6166661
671 1322 746 1384 Viet.
756 1340 874 1395 666666,
887 1324 912 1382 61
927 1324 992 1383 aiae
1009 1324 1152 1401 66616616

126 1418 251 1477 scandali
264 1463 272 1489 ‚
285 1419 332 1479 vel
344 1418 472 1479 infamiae
481 1416 546 1494 quis
555 1432 614 1476 non
625 1415 716 1493 possit
729 1414 876 1484 confiteri,
885 1413 955 1492 6611
962 1416 987 1476 ti
993 1414 1147 1488 celebret,

127 1501 175 1560 vel
194 1502 235 1559 sit
248 1501 310 1577 jam
337 1503 368 1561 in
387 1517 505 1561 scamno
527 1498 835 1570 communicantium,
853 1497 870 1557 b
887 1516 947 1577 quo
964 1516 1026 1559 aon
1045 1500 1148 1561 661661

128 1585 265 1645 recedere
278 1588 342 1647 sine
360 1595 441 1646 nota.
456 1583 510 1644 llic
522 1592 621 1643 tamen
633 1582 736 1644 sedulb
753 1583 968 1643 advertendum
975 1598 1045 1646 eum
1059 1586 1143 1647 Bou.

129 1666 160 1729 6.
175 1671 205 1730 4.
219 1690 248 1751 q.
261 1674 291 1733 6.
305 1690 338 1754 6.
351 1672 380 1733 1.
393 1690 425 1731 6.
441 1670 490 1732 19.
512 1666 592 1748 qubd
609 1667 779 1727 scandalum
797 1678 869 1728 tune
879 1667 1004 1739 dieitur,
1020 1672 1147 1747 quaudo
1219 1713 1220 1738 2

126 1755 215 1816 66166
234 1758 344 1819 occasio
365 1754 561 1825 detrahendi,
585 1754 634 1814 val
659 1751 770 1813 temere
791 1752 963 1829 judicandi,
982 1770 1046 1815 666
1069 1755 1147 1819 verb

128 1842 248 1917 quando
261 1843 349 1903 66166
367 1841 463 1903 eoliun
475 1840 587 1902 occasio
608 1838 822 1899 admirationis.

164 1928 297 1989 Secundo
319 1927 463 1989 sententio
485 1924 556 1987 6666
578 1935 683 2006 negat,
709 1932 739 1983 et
758 1922 834 1983 bane
849 1931 952 1985 tenent
977 1924 1090 1990 (larcio
1107 1927 1146 1991 t‘et

125 2014 209 2075 Scene.
221 2019 306 2072 treet.
318 2009 426 2090 56616.
441 2015 470 2072 6.
483 2009 551 2072 666.
567 2013 594 2069 l.
606 2016 689 2090 port.
706 2011 736 2068 6.
750 2029 782 2069 6.
795 2011 845 2070 69.
858 2013 1031 2091 11666666.
1040 2012 1091 2081 89.
1108 2031 1144 2074 6.

128 2097 158 2158 6.
172 2094 243 2156 666.
257 2097 289 2156 5.
303 2113 336 2156 6.
354 2098 404 2156 16.
416 2095 479 2174 (qui
494 2092 944 2173 6611666666616116616666666
958 2099 1147 2162 ,6666661666

125 2180 240 2260 166166)
257 2180 456 2262 Hieronymus
479 2177 720 2240 Ferreoliouaele
731 2177 832 2240 66666.
847 2179 1026 2258 61611666
1037 2185 1146 2245 Hono-

124 2265 206 2338 riue,
223 2273 252 2328 61
264 2265 354 2328 Fabi
368 2261 450 2346 6666
461 2263 550 2324 Graio
565 2281 598 2324 6.
612 2265 682 2324 659.
694 2283 728 2323 66
746 2264 931 2341 probabilem
947 2275 1055 2343 putant
1070 2271 1145 2332 Cor·

124 2349 208 2431 aejo,
221 2349 365 2431 61116616.
380 2347 462 2430 opud
478 2347 572 2408 Dion.
596 2346 649 2408 loc.
664 2348 713 2407 cit.
735 2343 823 2426 atque
841 2348 991 2411 6666616616
1003 2368 1071 2412 eam
1085 2371 1143 2416 uo-

124 2434 243 2496 61661666
262 2444 363 2496 166166
376 2435 534 2513 666666166
546 2437 632 2495 Cont.
649 2437 760 2494 Toum.
781 2431 855 2494 ibici.
868 2452 898 2493 o.
915 2435 1016 2508 Quoer.
1030 2437 1060 2498 2.
1071 2456 1143 2501 cum
1216 2429 1220 2435 ’

123 2521 254 2602 Arriano
261 2566 271 2600 ,
289 2517 390 2582 (libert
398 2565 408 2597 ,
423 2522 597 2594 etPontoe5
612 2519 713 2578 dicens
725 2518 852 2596 primam
864 2521 1041 2582 sententiam
1055 2519 1143 2580 nullrl

125 2607 180 2668 niti
198 2608 311 2669 6611666
325 2604 482 2686 probabili.
497 2603 563 2664 Seio
584 2600 796 2682 6666111666,
810 2604 861 2681 qui
879 2600 949 2672 11661,
961 2603 993 2665 16
1012 2604 1141 2683 seligen-

123 2692 170 2752 dis
181 2693 335 2752 sententiis
349 2701 382 2750 ut
394 2685 558 2768 plurimirm
579 2688 611 2748 16
635 2685 794 2766 benignam
808 2698 924 2766 partem
935 2684 1084 2761 declinet,
1106 2698 1140 2750 61

124 2792 187 2835 666
205 2775 275 2836 6666
295 2775 423 2834 declinat
453 2775 520 2852 plus
541 2772 630 2850 quiam
656 2789 711 2851 666
738 2778 803 2846 est,
824 2781 923 2833 tamen
942 2773 974 2835 in
999 2775 1140 2851 presenti

124 2861 286 2938 quaestione
295 2877 356 2919 auce
367 2857 555 2937 benignitatis
569 2856 785 2930 oblitus‚bauc
793 2859 950 2920 secundam
961 2860 1142 2939 seutentiam
1218 2868 1219 2887 ¹

124 2943 248 3008 omoiub
261 2943 487 3022 improbabilem
503 2952 588 3002 vocet
605 2943 845 3022 refertquejussu
865 2944 1068 3022 inquisitionis
1084 2944 1141 3005 lli-

123 3031 249 3114 spanicuc
259 3037 436 3109 expunctum
445 3045 510 3089 eum
524 3027 612 3088 fuisse
624 3029 662 3088 ab
673 3029 812 3107 operibus
824 3028 919 3090 Patris
931 3027 1066 3110 6666666.
1079 3030 1141 3092 Secl

122 3117 179 3180 boe
191 3133 251 3178 non
268 3116 420 3192 obstante,
433 3121 562 3192 spectato
581 3113 972 3188 intrineeeoluodameuto,
988 3111 1052 3176 666
1068 3132 1140 3176 666-

123 3208 215 3268 tentio
231 3203 323 3285 (salvo
347 3200 462 3263 meliori
479 3200 693 3279 sapientiorum
711 3199 846 3277 jerdicio,
866 3199 977 3277 quibua
1001 3217 1051 3262 me
1064 3201 1140 3262 cub-

124 3290 222 3369 mitto)
241 3288 315 3352 mibi
340 3282 909 3348 61661666666661.6616666166
930 3284 1041 3346 rationi
1065 3301 1140 3346 cou-

123 3373 387 3445 66616666116116,
399 3371 468 3450 quia
484 3371 534 3448 qui
546 3369 756 3430 consessionem
765 3368 968 3430 communioni
976 3367 1139 3447 6666661611,

121 3455 185 3532 jam
199 3455 333 3531 implevit
355 3463 536 3535 pareceptum
550 3453 738 3515 consessionis
747 3498 756 3526 ‚
765 3455 796 3514 vi
809 3453 893 3531 cujus
904 3458 1057 3534 peceatum
1066 3451 1141 3512 obli·

123 3547 189 3594 tum
205 3535 268 3609 jam
283 3546 327 3595 est
342 3537 484 3598 indirecte
509 3538 687 3611 remissum,
710 3544 741 3598 61
756 3539 901 3616 peeuitcna
918 3536 981 3615 jam
994 3536 1140 3615 probatus

124 3616 232 3696 existit.
245 3616 384 3688 Quamvis
405 3630 503 3680 autem
525 3630 661 3684 teneatur
677 3623 740 3700 1666
757 3629 908 3700 peceatum
928 3622 1005 3686 illud
1023 3620 1135 3706 deiude
1217 3646 1218 3691 3
