2450 3975
144 208 245 315 cap.
261 233 291 294 a.
306 233 352 293 oe
365 228 728 292 minocentaurum.
743 227 821 294 nat.
839 230 950 294 turc.
965 234 997 295 r.
1049 236 1085 296 ot

72 332 148 408 rati,
159 340 266 394 tamen
279 333 308 391 S.
325 332 361 391 ll.
377 348 459 391 conc.
474 330 523 391 die
535 331 585 389 tu.
602 329 690 391 Febr.
708 328 794 391 1679.
811 348 862 411 op.
874 330 985 394 Bened.
997 332 1088 395 XIV.

72 420 121 480 ioe.
137 418 195 479 eit.
213 414 337 478 mandat
355 416 540 480 ordinariis.
559 422 595 475 ut
609 414 688 475 eirca
705 414 936 477 communionem
957 422 992 479 in
1010 416 1089 499 serie

71 511 154 565 sexto
174 501 211 561 in
228 504 414 571 Peraeam,
430 495 566 561 Missalis
584 498 739 573 natata,
756 506 786 560 et
799 497 933 563 delate
948 502 1090 565 Romano

71 606 142 651 asae
163 592 309 648 servetur.
330 586 373 644 Ex
394 602 453 661 quo
478 581 558 644 reete
581 584 671 644 insert
691 592 794 645 noster
809 584 943 645 Pontifex
966 587 1088 647 vetitam

71 690 128 733 csse
146 670 203 732 tali
225 671 275 730 die
296 669 561 741 communionem,
582 667 649 729 tium
675 670 745 747 quia
767 670 799 728 in
818 667 946 728 ilubrico
967 670 1088 731 blissalis

70 758 165 817 Feriae
183 756 222 815 V.
243 753 373 828 dicitur,
387 752 495 813 debere
523 752 664 813 asservari
690 752 830 833 quasdam
855 754 1012 831 particulas
1034 774 1089 835 pro

70 840 221 912 infirmis,
238 848 268 899 et
285 840 328 899 sie
346 838 409 899 sani
430 837 629 898 exeluduntur
641 858 650 914 3
663 836 728 898 tirm
747 840 815 917 quis
826 836 910 915 juxta
927 840 1088 901 itomanam

70 924 317 986 consuetudinem
330 924 413 984 Ferit
427 924 493 983 sext
508 940 566 983 non
581 922 772 983 distribuitur
786 920 979 1005 Eucharistin
992 926 1026 985 ln
1039 925 1087 985 die

14 1028 17 1036 ’
69 1021 172 1071 antem
188 1008 307 1069 Sabbati
327 1008 418 1069 saneti
439 1008 555 1068 nullum
573 1008 654 1067 adest
670 1007 821 1069 decretum
835 1006 996 1087 prohibens
1007 1026 1088 1070 eom·

7 1088 8 1097 ’
69 1096 270 1170 munionem3
291 1099 323 1151 at
343 1092 468 1153 Moerus
488 1090 521 1152 in
540 1088 734 1154 Vocabulorio
749 1088 829 1152 licei.
850 1092 891 1151 ait
907 1113 916 1151 ε
935 1093 973 1154 la
994 1092 1087 1156 tabeo

68 1176 197 1240 Sabboti
205 1177 302 1240 eoacti
311 1192 373 1238 non
385 1175 495 1237 dieitur
509 1194 545 1237 eo
558 1176 726 1257 antiphona
736 1220 745 1247 ‚
755 1192 822 1255 que
833 1173 1001 1257 appellatur
1012 1196 1088 1239 corn·

69 1264 200 1335 munio,
224 1259 299 1341 quio
321 1278 383 1321 oon
401 1258 493 1341 fiebat
509 1257 617 1343 populi
637 1261 820 1335 eommunia,
839 1277 907 1339 que
926 1280 1006 1321 naec
1021 1262 1088 1343 φαί-

69 1349 138 1410 dem
154 1345 296 1426 sedendo
311 1354 394 1407 esset.
410 1348 477 1406 llaec
492 1356 592 1406 tamen
611 1348 688 1405 ratio
707 1362 767 1407 non
786 1345 907 1422 suadet;
928 1363 997 1406 nam
1020 1363 1088 1424 pcr-

69 1435 179 1493 doetus
189 1435 228 1493 P.
239 1430 353 1492 Meroti
363 1450 396 1513 p.
409 1433 438 1492 l.
453 1430 498 1492 tit.
509 1433 558 1491 to.
567 1450 600 1491 a.
616 1433 665 1492 bd.
676 1450 741 1492 eum
753 1429 917 1492 Groneotos
926 1476 934 1501 ‚
943 1433 1086 1509 Moretto,

6 1534 10 1564 ¹
69 1526 101 1579 et
114 1512 188 1577 otiis
203 1517 275 1576 satis
287 1516 411 1595 probat,
424 1516 505 1595 qudd
521 1517 592 1577 olim
603 1516 635 1576 in
646 1518 734 1577 missa
745 1517 863 1577 Sabbati
880 1518 971 1577 sancti
985 1534 1087 1577 omnes

7 1600 8 1603 ’
70 1602 354 1672 communicabant,
370 1618 430 1661 non
451 1599 546 1662 solbm
561 1602 675 1679 parvuli
688 1646 696 1673 ‚
710 1600 759 1662 sed
775 1603 865 1662 etiam
884 1603 993 1679 reliqui
1014 1602 1086 1661 tide·

70 1689 134 1757 les,
148 1694 184 1745 ut
202 1685 305 1766 patore
322 1682 395 1746 dicit
411 1702 448 1745 ex
460 1686 588 1764 quodam
606 1688 730 1765 antiqno
745 1685 855 1747 Ordine
868 1690 1019 1762 umato,
1036 1686 1087 1745 ubi

69 1770 1087 1849 legituriutereaeteraaomnesconmunicentddditquecumGooout.

72 1851 259 1932 Graeceius,
278 1862 306 1914 ot
318 1852 483 1931 Mando,
506 1871 567 1914 non
582 1854 622 1914 ob
641 1854 721 1915 aliod
739 1853 827 1915 bodie
847 1855 946 1917 emitti
960 1872 1088 1915 mmo·

71 1940 142 2018 nio,
161 1946 189 2002 et
199 1945 360 2020 postcom,
375 1938 431 2000 nisi
443 1939 512 2018 quia
527 1940 592 2002 loeo
603 1957 707 2001 earum
720 1938 847 2002 sollecte
856 1941 1086 2020 suntvespenm

72 2044 140 2104 quae
164 2025 328 2103 gratiarum
351 2025 427 2084 ectio
453 2023 552 2104 potiirs
578 2025 710 2086 dicendae
733 2035 824 2100 suot,
845 2024 935 2105 qubm
957 2026 1088 2088 officium

73 2107 285 2188 Vesperarum.
305 2110 373 2170 lion
394 2107 537 2169 habemus
557 2109 650 2188 igitur
670 2110 723 2172 ubi
748 2112 839 2171 vetita
860 2111 899 2170 sit
918 2113 1087 2174 communio

73 2195 105 2254 in
124 2194 176 2254 tali
194 2194 264 2270 dio3
285 2193 365 2254 unde
380 2194 423 2254 ait
446 2195 521 2255 Vico
541 2191 576 2255 de
589 2194 685 2256 Eucit.
700 2213 751 2277 qtt.
764 2197 795 2256 l.
808 2203 868 2254 ert.
880 2196 909 2255 o.
920 2213 953 2254 n.
968 2196 997 2255 l.
1012 2213 1087 2273 quo-

74 2278 147 2340 libet
170 2278 219 2339 die
240 2279 375 2358 permitti
398 2279 611 2358 susceptionem
632 2278 842 2350 Eucharistiae,
865 2279 984 2357 excepti
1004 2279 1087 2340 Ferit

73 2364 156 2423 scutai
171 2365 339 2423 Parasceves
354 2384 362 2422 ε
380 2363 442 2424 imb
462 2373 566 2425 notum
586 2373 649 2437 est,
667 2362 749 2442 qubd
762 2365 795 2424 in
808 2364 944 2443 pluribus
960 2363 1087 2424 eeclesiis

29 2519 32 2528 ,
74 2447 158 2527 regni
173 2455 203 2508 ct
214 2448 299 2508 urbis
308 2449 463 2527 Neapolis,
476 2466 510 2507 ae
526 2449 689 2527 praesertim
706 2449 738 2509 in
755 2448 819 2526 ejus
828 2447 993 2509 cathedrali
1005 2465 1087 2509 com·

77 2533 179 2593 munio
201 2543 268 2612 post
289 2534 409 2593 missam
428 2534 590 2594 solemnem
610 2535 929 2614 populoministratur.

113 2619 183 2678 255.
204 2651 244 2662 -
266 2619 365 2692 Quaen.
386 2619 425 2678 V.
447 2619 568 2691 Quoties
594 2618 739 2696 parochus
764 2623 899 2678 teneatur
919 2615 1087 2677 ministrare

75 2701 289 2763 Euclraristiem
310 2702 371 2762 suis
390 2703 519 2762 ovibus?
536 2703 636 2779 Aliqui
658 2702 798 2761 dixerunt
817 2697 977 2778 parocbum
992 2702 1086 2764 tentri

74 2786 191 2848 tantum
213 2797 347 2866 tempore
362 2789 519 2867 precepti,
538 2795 568 2847 et
587 2787 620 2847 in
635 2786 760 2847 articulo
780 2786 894 2847 mortis.
910 2789 954 2848 lta
967 2783 1047 2866 Splo.
1060 2796 1089 2849 et

73 2869 157 2934 ittet.
167 2871 225 2932 Sed
239 2873 438 2934 communiter
452 2872 483 2932 hi
495 2871 674 2949 rejiciuntur
686 2871 723 2933 ab
732 2873 797 2932 aliis
808 2871 858 2951 qui
872 2871 979 2934 docent
992 2873 1085 2933 tentri

74 2957 263 3029 ministrare,
277 2959 393 3036 quoties
409 2975 478 3018 oves
493 2957 723 3034 rationabiliter,
736 2967 766 3018 et
784 2955 950 3036 opportune
969 2965 1084 3036 petunt.

73 3041 116 3101 lta
131 3060 241 3102 comm.
260 3061 328 3103 eum
340 3044 416 3104 Bas.
430 3063 460 3104 a..
477 3043 545 3103 tut.
557 3043 626 3104 Soto
634 3089 643 3120 ,
654 3043 745 3104 Scor.
757 3039 826 3103 titt.
837 3039 906 3103 Pal.
920 3041 1085 3120 Diol'aaq.

72 3125 163 3187 Aaou.
177 3134 207 3187 et
222 3125 280 3188 atti
297 3145 364 3187 cum
376 3125 470 3189 Salat.
491 3145 516 3188 e.
534 3129 563 3188 9.
584 3145 618 3188 n.
632 3130 682 3190 29.
697 3128 804 3200 Ratio,
823 3128 891 3205 quia
912 3123 1021 3204 posteri
1041 3125 1089 3183 in·

73 3211 187 3271 cambit
208 3212 387 3290 providere,
405 3229 466 3273 non
486 3210 582 3274 solium
600 3220 635 3274 ut
653 3229 722 3274 oves
734 3212 914 3290 adimpleant
925 3216 1085 3287 praecepta,

74 3293 124 3353 sed
146 3296 237 3357 etiam
255 3303 291 3356 ut
309 3294 434 3358 habeant
455 3315 511 3370 ea,
529 3316 595 3375 quae
611 3298 697 3357 valde
714 3304 839 3376 prosunt
858 3311 912 3354 suo
932 3291 1087 3370 profectui.

112 3381 183 3441 tot.
195 3415 234 3426 -
244 3383 346 3455 Quor.
360 3382 493 3456 VLQuid
507 3383 694 3443 sentiendum
707 3383 810 3442 deusu
819 3377 997 3458 quotidiouoe
1008 3395 1088 3437 eenr-

74 3467 226 3526 munionis
237 3465 336 3527 illald
348 3467 468 3544 quidem
481 3467 570 3528 loeuti
582 3475 653 3526 sont
667 3467 779 3545 aliqui,
793 3465 843 3542 qui
857 3462 996 3523 dixerunt
1009 3479 1091 3523 com·

74 3551 251 3615 munionem
265 3551 468 3629 quotidianam
481 3551 681 3622 suadendam,
699 3548 760 3610 imb
782 3547 1009 3628 precipiendom
1029 3564 1091 3607 csse

75 3636 312 3780 ompibusp‘llpim
326 3637 460 3714 quisunt
478 3637 509 3700 in
525 3637 628 3716 gratia.
643 3634 722 3698 ticet
733 3636 813 3696 enim
825 3633 858 3694 S.
874 3634 950 3773 Aaqq.
962 3631 1087 3692 dixerit:

145 3737 202 3780 oon.
270 3762 279 3780 .
533 3765 537 3773 ‚
