2450 3975
123 124 183 189 116
362 124 472 189 tito.
490 128 886 209 Iloct.b.Depacnitcotiu.

163 304 232 365 555.
245 336 284 353 -
299 329 314 361 ι
330 244 444 370 Rasa.
457 306 486 366 1.
501 305 686 385 Indulgentia
699 306 755 366 alia
766 316 809 367 est
819 306 935 381 totalis,
947 308 1010 371 sive
1024 310 1130 395 plena¹

122 413 136 442 a
161 390 297 466 plenior,
316 390 467 471 plenaria,
481 390 671 471 plenissima,
687 410 753 469 quor
770 410 830 453 non
849 391 967 454 tantiam
982 397 1131 473 poenitcn·
1208 444 1209 455 ,

121 497 136 525 a
159 474 232 535 tiam
248 474 412 551 injunctam
427 493 482 553 per
497 476 723 545 confessarium,
737 475 784 535 vel
800 494 944 549 canones,
958 490 1011 539 aut
1024 499 1130 543 secun·

120 582 134 610 n
158 556 232 619 ditm
251 557 307 623 bos
327 559 443 639 injungi
464 558 613 631 debitam,
634 558 684 619 sed
705 560 794 620 etiarn
818 578 937 621 omnem
962 566 1127 643 purgatorii

121 667 134 696 ι
159 661 278 722 poenum
294 647 384 708 tollit.
397 648 459 705 Nec
473 644 574 705 ditiert
585 642 601 703 1
613 644 736 721 jubilaeo
746 688 755 717 ‚
765 646 822 706 nisi
834 646 1053 709 accidentaliter
1064 654 1128 729 pri-

120 753 134 781 »
158 730 272 807 vileqiis
294 730 486 809 quibusdam,
502 736 536 789 ut
558 727 639 805 qubd
657 729 689 788 in
706 727 828 805 jubilaeo
847 730 926 791 licita
944 733 985 793 sit
1006 733 1126 813 615555-

119 838 132 864 a
156 815 231 874 satio
244 814 276 874 tn
287 816 374 876 certis
393 814 489 884 votis,
503 814 649 875 absolutio
667 811 685 873 b
701 814 875 891 reservans,
890 822 920 873 ct
933 819 1081 891 censuris,
1093 826 1124 879 et

119 920 132 947 a
156 896 236 975 ‹prbd
252 898 440 958 confessarius
460 898 558 975 quivis
572 896 752 977 approbatus
767 897 858 979 possit
874 899 954 979 eligi.
976 900 1120 978 VtctcSc,
1206 882 1209 1009 1

117 1005 131 1031 ν
155 979 458 1062 51565195561155.
475 979 507 1043 6.
520 983 552 1041 6.
564 998 595 1060 q.
612 983 642 1043 1.
655 998 686 1063 p.
702 982 731 1042 2.

158 1095 173 1126 a
193 1073 376 1151 Indulgentia
388 1074 444 1135 alia
456 1084 502 1135 est
512 1073 644 1154 partialis
653 1119 662 1147 ,
671 1074 765 1152 qualis
776 1082 819 1151 est
834 1076 921 1135 unius
932 1120 941 1149 ,
952 1078 999 1138 vel
1009 1079 1121 1158 aliquot

115 1180 130 1211 ι
152 1174 322 1235 annorum3
338 1159 409 1219 item
428 1166 574 1237 septenae,
586 1157 795 1237 quadragena,
809 1176 941 1231 carenae,
955 1172 1033 1239 etc.;
1049 1166 1122 1225 item

116 1264 129 1293 r
153 1243 248 1303 tertiis
269 1244 362 1322 partis
381 1253 584 1322 peccatorum,
598 1260 653 1321 per
674 1260 745 1319 quas
767 1258 828 1303 non
849 1242 1033 1322 significatur
1055 1248 1120 1309 tolli

115 1350 129 1377 κ
153 1335 265 1387 tanum
276 1328 462 1390 durationem
475 1327 656 1407 purgatorii,
669 1326 721 1387 sed
733 1334 844 1387 tantam
857 1346 973 1405 poenam
986 1332 1119 1403 remitti,

115 1435 128 1463 ι
152 1420 261 1489 quanta
284 1412 434 1473 deleretur
456 1430 511 1491 per
525 1411 675 1489 ieiunium
696 1412 804 1482 unius,
826 1420 878 1471 aut
896 1413 1008 1491 aliquot
1025 1434 1120 1477 5555-

112 1520 126 1548 r·
150 1514 243 1569 rum,
265 1506 317 1557 aut
334 1497 527 1576 quadragInta
549 1498 667 1557 dierum
690 1498 722 1557 in
746 1514 821 1576 pane
845 1504 876 1557 et
895 1516 989 1575 aqua,
1012 1518 1119 1561 secun·

112 1604 125 1633 υ
150 1578 223 1641 dilm
245 1600 371 1643 canones
390 1582 462 1643 olim
481 1582 593 1659 imponi
615 1581 749 1641 solitum.
763 1580 855 1643 Porrb
878 1583 997 1665 quando
1017 1585 1118 1645 indul·

110 1690 126 1719 a
149 1666 257 1744 gentiis
276 1667 415 1746 plenariis
429 1662 580 1727 adduntur
591 1665 704 1743 aliquot
715 1666 802 1738 anni,
818 1666 862 1725 vel
876 1668 1008 1727 remissio
1021 1670 1119 1732 tertias

111 1772 125 1801 ι
148 1751 242 1829 partis
263 1762 469 1830 peccatorum,
488 1750 520 1811 id
539 1746 701 1811 secundiani
723 1750 852 1811 dlvcrsas
870 1751 1049 1829 sententias,
1069 1755 1117 1814 vel

109 1857 122 1885 ι
148 1834 186 1893 56
208 1836 338 1897 diversus
356 1834 548 1897 concedentes
567 1833 754 1895 referendum
773 1841 838 1910 est;
856 1836 903 1895 vel
915 1835 983 1893 iacit
996 1836 1033 1895 ad
1047 1856 1118 1897 cau·
1207 1806 1209 1921 1

109 1941 122 1970 ι
147 1919 254 1992 telum,
267 1930 301 1979 ut
310 1922 335 1981 si
347 1919 424 1982 sorte
435 1938 522 1981 causa
528 1919 718 1999 indulgentiae
728 1937 785 1979 non
794 1918 883 1979 scierit
895 1918 1052 1994 sufficiens,
1063 1923 1117 1981 sal—

107 2028 121 2055 ·
146 2011 206 2063 tem
213 2005 307 2064 valeat
319 2005 357 2064 ad
366 2005 433 2066 illos
442 2024 534 2066 annos
545 2005 703 2066 lucrandos
713 2047 723 2075 ‚
733 2004 779 2062 vel
787 2011 820 2064 ut
831 2001 966 2081 adjuncta
978 2007 1116 2066 conceda·

107 2113 120 2140 ·
145 2097 195 2150 tur
212 2107 268 2168 pro
286 2090 345 2151 alio
358 2097 510 2168 tempore,
524 2092 656 2162 cetlone,
670 2098 699 2149 et
717 2089 781 2149 loco
792 2109 801 2163 ;
814 2089 861 2148 vel
871 2089 1019 2166 denique,
1034 2099 1114 2152 ntea

106 2197 120 2226 ι
143 2173 330 2254 permodum
342 2173 474 2254 suffragii
488 2175 579 2253 possit
590 2175 654 2235 aliis
665 2172 815 2254 applicari.
834 2171 905 2235 Vide
915 2171 991 2234 Bell.
1002 2193 1068 2256 cop.
1081 2176 1112 2236 9.

146 2292 161 2322 ι
182 2270 268 2349 llcsp.
294 2271 325 2330 2.
350 2269 433 2332 Circa
451 2267 607 2346 jubileum
629 2269 756 2330 notanda
781 2267 955 2344 sequentia:
974 2268 1005 2328 1.
1025 2269 1114 2328 Anno

103 2377 118 2406 ι
138 2351 256 2431 jubiloei
275 2355 306 2414 in
321 2353 401 2428 Urbe
419 2353 569 2425 durante,
589 2354 728 2432 suspendi
751 2353 845 2414 solent
867 2351 1010 2430 tantisper
1029 2361 1113 2414 extra

102 2463 117 2492 n
142 2439 253 2500 Urbem
276 2457 379 2500 omnes
401 2438 592 2517 indulgentiae
614 2439 770 2517 plenarie,
785 2437 881 2516 quoad
900 2437 999 2509 vivos,
1020 2438 1112 2500 etiam

101 2547 115 2577 ι
139 2524 173 2583 in
189 2525 353 2585 carceribus
372 2521 445 2602 (non
466 2532 563 2583 tamen
586 2524 618 2584 in
641 2524 772 2602 periculo
792 2523 897 2584 mortis
915 2521 1108 2597 constitutos,

100 2632 114 2651 =
140 2615 174 2668 ut
192 2618 295 2670 contra
315 2610 422 2688 Inym.
436 2603 487 2669 lib.
502 2609 531 2667 5.
550 2615 573 2666 1.
583 2609 613 2668 7.
625 2627 690 2688 cap.
706 2609 736 2668 8.
750 2626 783 2667 5.
797 2610 828 2668 2.
843 2606 928 2667 docet
941 2609 1019 2667 Bon.
1033 2603 1063 2666 cl.
1077 2607 1108 2666 6.

99 2717 112 2744 a
138 2709 169 2772 q.
184 2694 214 2752 1.
228 2712 261 2752 n.
277 2695 307 2752 2.
319 2712 355 2753 ax
370 2693 478 2752 dcclnr.
495 2691 605 2754 Urbate.
623 2694 711 2755 VIII.
728 2693 802 2754 lacta
817 2691 1108 2770 incolatumque

100 2801 112 2828 n
137 2777 235 2856 quoad
250 2777 413 2855 defunctos)
425 2799 434 2836 a
446 2779 578 2857 itemque
589 2777 653 2838 aliae
665 2777 813 2838 facultates
825 2819 833 2847 ‚
846 2794 875 2836 v.
889 2794 920 2854 g.
937 2775 1108 2836 absolvendi

98 2887 111 2912 ι»
136 2860 153 2921 t
175 2861 289 2922 casibus
311 2861 400 2922 bullae
419 2864 536 2934 Coenae,
558 2861 761 2924 commutandi
785 2869 874 2932 vota,
895 2860 1106 2938 dispensandi,

98 2971 111 2998 n
135 2954 192 3005 etc.
213 2962 355 3006 concessae
375 2946 407 3006 ln
428 2947 534 3007 ordine
553 2948 591 3007 56
614 2945 769 3007 lucrandas
790 2944 933 3024 plenarias
948 2944 1106 3022 indulgen-

98 3055 111 3080 »
133 3030 197 3090 tias.
213 3031 280 3089 Non
292 3030 513 3108 suspenduntur
531 3041 630 3090 autcm
648 3031 840 3109 indulgentia
860 3028 994 3106 personis
1013 3030 1107 3107 parti-

96 3140 109 3166 5
134 3114 300 3186 sularibus,
315 3124 368 3175 aut
377 3115 415 3176 ab
426 3115 501 3186 alio,
513 3114 602 3192 quiam
617 3117 692 3192 I‘apa
712 3132 869 3184 concessae,
883 3129 938 3173 nec
950 3111 1105 3190 priuilegio

95 3223 108 3250 a
134 3199 356 3278 religiosorum,
371 3217 400 3259 v.
416 3218 445 3278 g.
459 3199 629 3259 absolvendi
645 3199 662 3260 a
678 3199 851 3271 reservatis,
865 3205 940 3270 etc.‚
955 3198 1024 3276 quia
1039 3203 1106 3256 tan·

95 3306 108 3334 ·
135 3280 201 3345 itm
219 3284 440 3359 suspenduntur
456 3284 607 3344 facultates
626 3303 768 3346 concessae
782 3284 814 3344 in
829 3283 935 3344 ordine
947 3282 985 3342 ad
1004 3280 1105 3342 indul·

93 3387 106 3412 a
130 3365 253 3437 gentius.
267 3369 310 3425 lta
326 3367 435 3428 Surrcb.
448 3371 542 3429 chr.
555 3376 608 3430 eto.
624 3367 706 3448 aprici
716 3371 821 3428 Dinon
836 3375 858 3427 t.
873 3370 901 3428 1.
916 3375 954 3428 tr.
969 3365 1004 3428 dc
1021 3361 1106 3426 bullo

91 3465 104 3492 a
132 3445 217 3502 eruc.
228 3435 300 3506 Ittt.
314 3452 394 3509 Bora.
408 3447 429 3510 I.
445 3469 470 3510 c.
484 3454 618 3512 Benzon.
630 3462 661 3511 et
674 3453 780 3512 deinde
797 3451 1103 3531 torqueantur&

89 3543 103 3571 a
128 3537 161 3576 u.
170 3523 282 3586 11555
291 3527 432 3593 declarat.
443 3532 554 3595 Urbica.
567 3537 655 3598 VIII.
670 3554 747 3610 5555
759 3537 845 3596 tuffo.
854 3535 1103 3616 Siruilitenneque
