2450 3975
212 166 285 247 Cup.
298 165 328 225 2.
338 162 418 227 Deir.
429 165 459 227 2.
469 162 515 225 De
528 159 655 245 subjecto
665 161 872 227 indomito.
881 164 948 227 Art.
958 164 987 229 3.
1053 167 1111 231 int

99 266 190 331 tionis
203 282 296 327 annos
308 284 364 346 pro
377 265 576 337 confessione,
591 263 786 337 confiteatur,
806 266 925 345 quando
943 267 982 329 ad
996 266 1108 331 distre·

100 352 190 414 tionis
207 368 302 411 annos
317 368 373 433 pro
390 351 620 423 communione,
635 350 842 411 communicet.
856 350 913 413 Sed
925 352 1108 429 notandum,

99 435 178 515 quid
198 452 236 495 ex
248 433 338 513 hujus
356 435 509 496 sententie
520 433 686 495 fautoribus
696 434 747 495 aiii
760 478 769 508 ‚
783 442 819 495 ut
831 436 922 517 Vusq.
932 439 1109 499 Hortl’re-

97 538 163 603 poo.
176 522 274 585 Gran.
290 529 345 583 ete.
365 520 449 602 aprrd
459 519 563 583 nscot.
575 539 608 581 re.
622 523 692 583 242.
713 528 833 582 censent
847 522 919 583 taius
930 540 1036 601 pueros
1055 541 1110 587 neo

99 606 213 678 teneri,
230 623 285 667 nec
297 624 382 685 posse
395 607 631 679 communicare,
646 606 717 685 quia
736 606 782 684 (ut
799 606 914 685 dicunt)
930 606 1108 671 Ericharistia

97 708 161 751 non
178 698 277 769 potest
295 690 435 765 duricia,
456 690 509 769 qui
529 708 589 752 non
612 698 683 752 sunt
700 710 816 769 capaces
840 689 931 769 digni
945 693 1109 755 communi·

96 774 194 837 eundi.
207 775 267 837 Alii
281 774 370 849 vend,
387 784 423 837 ut
437 778 529 838 Sucr.
541 774 563 836 i.
573 795 598 837 c.
609 796 639 837 v.
652 776 782 849 Deinde,
795 776 954 853 eumSoto,
964 783 994 837 et
1002 776 1108 857 noym.

94 858 168 921 Pei.
181 878 219 920 ac
237 859 328 922 croix
341 857 364 921 i.
383 879 410 922 e.
423 860 607 940 probahilids
620 861 740 943 dicunt,
758 861 840 941 quod
860 869 924 922 esto
945 861 1030 940 pueri
1048 878 1109 923 non

94 952 257 1005 teneantur
275 946 496 1007 communicare
510 946 611 1007 statim
630 955 697 1025 post
712 947 852 1026 adeptum
868 963 957 1007 nsum
972 944 1107 1023 rationis,

94 1047 160 1090 non
178 1037 281 1092 tamen
297 1028 496 1108 prohibentur
508 1029 545 1091 ad
559 1029 770 1093 Eucharistiam
786 1030 938 1105 accedere,
950 1047 1067 1109 semper
1076 1047 1110 1090 ac

94 1113 737 1178 seiantdiscernerchunccoeIestemcibumi
748 1115 1111 1195 proinn03tunccnim,ut

93 1199 197 1277 inquit
205 1200 248 1259 D.
265 1198 320 1262 Tit.
335 1200 454 1283 (5.p.p.
464 1201 515 1261 80.
529 1206 588 1261 ert·
601 1199 747 1277 9.ed5.i.·
759 1196 1111 1281 (iuiuposenntutc'qdcm

93 1282 279 1345 devotionem
289 1288 456 1365 concipere,
468 1303 532 1345 reon
553 1291 597 1345 ert
619 1283 662 1345 eis
681 1280 1113 1363 mosaoaucotcmdcnepco·

94 1366 181 1428 dum.
195 1369 288 1446 idque
298 1367 491 1429 confirmatur
501 1368 533 1429 in
549 1386 616 1448 cap·
629 1358 742 1448 penult.
753 1386 836 1429 enus.
846 1368 896 1429 66.
914 1385 944 1448 q.
955 1368 984 1427 6.
1001 1366 1053 1429 uhi
1064 1365 1111 1426 di·

98 1453 199 1512 citur:
214 1452 272 1514 cni
280 1451 461 1534 poenitentioe
472 1460 691 1515 sccremcntom
699 1452 879 1531 conceditur,
893 1468 985 1533 neque
996 1446 1111 1514 Eurinu-

97 1535 194 1599 ristr‘ae
208 1545 426 1599 ornamentum
440 1540 546 1619 deperi
553 1538 653 1613 debet,
668 1538 698 1601 si
708 1538 857 1601 desideret.

137 1624 197 1683 Sed
213 1622 263 1684 hic
279 1622 435 1685 dubitatur
453 1627 484 1685 i.
502 1624 626 1698 Quando
642 1634 815 1686 censeantur
831 1624 915 1703 pueri
933 1624 1053 1703 obiigati
1073 1624 1110 1684 nd

99 1706 405 1770 communicandum?
416 1708 505 1771 Soror
514 1728 566 1789 up.
580 1710 671 1769 Suae.
685 1716 714 1769 et
728 1708 862 1771 Corduba
875 1726 926 1789 op.
941 1704 1010 1769 nat.
1020 1705 1055 1766 ii·
1068 1724 1109 1769 ee.

97 1794 234 1854 sentiunt
248 1791 324 1853 hanc
332 1792 543 1872 obligationem
556 1792 714 1871 inciperci
724 1795 762 1855 tn
774 1810 852 1853 enno
862 1812 873 1869 3
882 1793 951 1869 quia
962 1792 1007 1870 (ut
1017 1790 1111 1869 ajunt)

99 1880 133 1941 in
156 1896 192 1939 ea
212 1884 298 1939 aetatc
315 1879 400 1957 pueri
418 1886 560 1941 tenentur
582 1877 619 1938 ud
644 1878 721 1957 leges
743 1877 957 1939 ecclesiasticas.
979 1878 1035 1939 Sed
1055 1876 1112 1939 hoc

99 1964 301 2027 communiter
311 1962 463 2041 rejicitur,
474 1970 564 2044 prout
574 1962 704 2030 diximus
717 1963 754 2026 de
763 1961 819 2048 lep.
834 1961 855 2026 i.
865 1964 892 2026 i.
902 1982 935 2025 rt.
954 1964 1023 2027 tto.
1036 1964 1112 2027 Hine

99 2050 301 2112 communiter
321 2049 426 2110 dicunt
444 2049 602 2124 doctores,
617 2051 795 2130 regulariter
815 2049 982 2130 loquendo,
1003 2067 1112 2130 pueros

100 2152 163 2197 non
175 2132 301 2213 obligari
313 2134 351 2195 ad
362 2134 602 2196 communionem
617 2144 686 2196 ante
698 2153 830 2209 nonum,
842 2137 890 2196 tei
900 2133 1047 2196 decimum
1059 2151 1112 2194 an·

99 2238 177 2280 num
189 2240 200 2298 ;
212 2238 267 2281 noc
281 2219 476 2282 differendam
488 2218 530 2280 eis
541 2237 605 2282 esse
624 2221 864 2283 communionem
880 2221 959 2281 uitru
973 2217 1112 2279 duodeci·

100 2324 187 2367 mum
199 2327 209 2384 3
220 2314 255 2367 ut
266 2307 398 2366 sentiunt
412 2301 483 2366 Pul.
494 2300 515 2365 ἱ.
529 2311 595 2367 eet
605 2302 699 2368 Scine.
713 2303 852 2368 deducit.
866 2324 892 2366 c.
903 2306 974 2366 7.ιι.
990 2306 1112 2366 iduum

100 2392 180 2471 top.
197 2391 265 2452 Die.
281 2388 381 2451 Annine
389 2434 400 2467 ,
410 2396 477 2466 ete,
489 2390 537 2450 uel
550 2391 655 2454 saltem
668 2391 745 2450 ultra
756 2390 1050 2468 decimumquartum
1058 2398 1112 2467 ,ut

99 2474 187 2553 ajunt
197 2475 288 2537 Suur.
304 2475 412 2556 leym.
427 2472 503 2556 Wip.
514 2473 641 2535 Auteinc
651 2481 680 2534 et
691 2475 779 2536 croix
788 2470 823 2535 ll.
832 2494 872 2536 oo.
884 2473 996 2553 liicque
1007 2483 1113 2536 notan·

102 2560 176 2626 dnm
191 2561 222 2622 id
239 2560 320 2639 qnod
338 2559 514 2638 prescripsit
534 2560 567 2622 S.
594 2556 719 2621 Carolus
741 2562 930 2622 Borrorrueus
942 2560 985 2638 (in
999 2558 1111 2638 Synod.

99 2641 446 2723 Interrumpenda&
456 2638 535 2718 dtur,
544 2643 600 2726 qui
607 2641 778 2705 meconium
788 2643 948 2722 uttipcrint‚
955 2651 1111 2722 adurunt,

101 2729 260 2791 instruent
270 2726 310 2790 cd
324 2727 518 2810 copritt'ortem
529 2727 728 2790 Eucharistiae
734 2772 744 2803 ‚
757 2725 951 2807 doceantque,
963 2731 1053 2812 pedm
1066 2750 1112 2793 re·

100 2822 238 2876 verenter
255 2811 296 2876 nd
315 2831 382 2874 enm
404 2811 554 2881 accedunt.
579 2813 699 2874 Dictum
716 2821 760 2874 est
781 2807 974 2893 repuleriter,
987 2833 1056 2878 nam
1078 2824 1111 2879 nt

101 2898 263 2960 advertunt
284 2908 438 2971 auctores,
457 2895 546 2959 citids
565 2905 689 2977 possunt
706 2897 828 2977 obligari
849 2901 954 2978 pueri,
997 2901 1027 2962 ui
1043 2911 1112 2963 ante

103 2983 192 3043 taiem
206 2992 326 3049 aetatem
335 2983 562 3063 perspicaciores
574 2981 807 3062 conspiciuntur.
823 2982 907 3046 Unde
920 2919 1000 3046 redd
1011 3003 1111 3065 repre·

101 3066 208 3129 irendit
221 3070 312 3133 Rene.
326 3086 353 3130 e.
369 3071 399 3128 6.
412 3084 472 3148 rep.
486 3069 516 3128 tt.
527 3066 688 3147 parochos,
707 3069 759 3146 qui
779 3067 1036 3130 indiscriminatim
1051 3088 1112 3130 non

103 3151 268 3216 admittunt
285 3149 324 3214 ad
343 3152 604 3227 communionem,
618 3153 674 3213 nisi
691 3170 798 3233 pueros
810 3153 842 3213 in
856 3161 1028 3214 certaoetate
1044 3171 1113 3214 con·

103 3237 234 3302 stitutus.
246 3239 357 3300 Dicunt
368 3245 468 3300 autem
481 3238 563 3299 Neo.
578 3256 603 3298 c.
618 3241 667 3299 di.
681 3257 714 3299 re.
730 3241 777 3299 57.
789 3245 819 3299 et
834 3235 922 3298 Cror'x
942 3233 972 3296 d.
994 3255 1025 3295 ιι.
1043 3239 1111 3300 eno.

104 3323 206 3403 quod,
228 3322 297 3386 licet
317 3324 404 3404 pueri
429 3340 508 3390 enne
532 3324 648 3397 decimo
673 3325 786 3404 possint
810 3321 848 3382 ad
875 3321 1113 3385 communionem

103 3407 243 3482 admitti,
257 3425 319 3471 non
341 3418 441 3477 umen
458 3407 514 3487 ipsi
532 3405 570 3469 ad
584 3409 667 3474 iiiam
689 3412 844 3477 tenentur,
863 3402 915 3464 sed
937 3402 1002 3466 tum
1017 3405 1113 3470 solim

104 3489 205 3552 ciumd
221 3491 349 3570 parocho
362 3494 409 3556 vel
419 3493 589 3572 parentibus
601 3491 707 3552 moniti
720 3488 842 3550 suerint.

143 3576 308 3667 Dubitatur
320 3581 351 3642 2.
366 3580 415 3644 An
434 3579 466 3644 iu
484 3578 616 3660 peniculo
640 3576 745 3642 mortis
763 3575 943 3721 ιοιιιιιιιιιιίἱο1
959 3575 1114 3639 tribuenda
