2450 3975
87 246 145 308 ton
316 242 380 307 leb.
396 244 427 305 b.
443 240 854 305 reacunncnuetuetuta.

84 345 166 406 couci
175 340 284 405 colluto
294 338 427 423 suerint.
438 349 493 403 out
499 338 691 423 consereretur
701 342 735 403 iu
747 340 884 423 futurum
894 346 1093 415 sacerdotebus

84 436 114 489 et
129 426 256 497 clericis.
276 426 308 489 S.
324 429 359 489 C.
375 426 431 489 sub
449 426 635 487 obtestatione
653 424 751 488 diuini
759 424 869 507 judicii
887 430 1033 503 mundet,
1055 444 1094 497 ut

82 508 213 574 obsolutl
236 518 280 571 tot
296 508 395 572 misse
415 508 608 589 celebrentur,
622 519 694 591 quot
714 510 755 571 ed
774 512 918 574 rationem
939 516 1093 580 ottrubutoe

81 593 271 677 etecuupnae
289 596 469 679 prescripto
487 594 611 674 suerint.
631 597 691 655 lloc
711 604 811 657 tamon
832 596 902 658 sane
921 598 1090 680 intelligen-

82 680 172 757 dum,
196 680 316 760 quando
331 678 464 739 sacerdos
475 680 601 741 scienter
613 682 776 758 acceptavit
794 697 849 759 pro
868 682 918 741 tali
941 685 1090 763 stipendio

82 772 128 826 tot
149 767 252 827 missas
272 764 442 842 celebrarc3
463 762 593 826 scedasi
614 765 807 844 ignoranter,
831 775 865 825 nt
883 766 964 828 recte
985 770 1092 830 dicunt

83 851 168 910 Ceut.
187 854 296 911 Toum.
310 866 375 930 cop.
391 849 421 907 9.
440 857 500 908 oet.
514 850 543 908 2.
559 855 627 909 sect.
647 849 677 909 4.
695 866 787 930 puer.
802 851 832 910 4.
852 869 883 911 υ.
899 850 958 913 llic
969 851 1045 926 dcco,
1062 860 1095 914 ct

82 936 172 996 douc.
187 953 212 996 e.
227 937 256 994 tt.
275 951 304 1014 q.
319 935 351 992 4.
370 950 398 993 r.
411 936 442 994 2.
462 950 528 994 eum
542 935 648 1015 napae
663 934 757 996 Borb.
770 943 799 997 et
811 938 930 997 Passer.
949 939 1092 999 Sacerdos

81 1027 201 1089 antem,
217 1020 269 1098 qui
287 1017 424 1097 promisit
442 1015 553 1079 heredi
572 1017 662 1097 qudm
683 1016 743 1081 oitb
757 1018 904 1080 celebrare
920 1022 1021 1082 missas
1033 1040 1092 1100 pro

82 1112 220 1164 testatore
235 1104 391 1173 dolonem,
409 1104 522 1165 credito
544 1104 692 1183 stipendio
710 1105 741 1165 in
760 1104 910 1184 posterum
931 1106 1090 1181 soluendo,

82 1195 199 1248 tenetur
211 1190 331 1268 quidem
345 1188 493 1250 celebrare
504 1196 573 1249 ante
585 1188 727 1267 stipendii
743 1190 938 1261 solutionem,
952 1199 986 1251 ut
1000 1190 1094 1251 fidem

81 1280 196 1336 servet.
210 1283 301 1353 prout
311 1272 387 1335 bend
397 1271 483 1353 ajunt
490 1269 584 1335 sum.
594 1271 630 1335 de
642 1280 781 1335 contruct.
795 1292 820 1336 c.
834 1276 863 1335 5.
874 1294 907 1357 p.
919 1276 1010 1336 lim.
1019 1276 1091 1337 457.

80 1374 147 1417 cum
169 1360 246 1439 Tap.
263 1355 334 1420 Vill.
348 1366 401 1418 etc.
901 1380 903 1385 ’

120 1442 198 1503 Dub.
214 1444 244 1503 4.
258 1461 296 1502 on
309 1443 425 1503 licitum
434 1440 473 1504 eit
484 1440 591 1521 pacisci
600 1442 638 1503 de
649 1441 805 1505 missarum
820 1440 989 1521 stipendio?
999 1446 1095 1524 Negat

82 1522 214 1585 absolute
233 1528 272 1587 P.
293 1526 408 1586 Coruino
428 1533 450 1586 t.
470 1527 500 1587 8.
515 1546 551 1608 p.
574 1529 643 1587 452.
665 1546 719 1587 uu.
737 1528 788 1602 6.,
811 1525 847 1586 cb
868 1524 948 1603 quod
965 1544 1095 1591 canones

83 1606 244 1687 probibent
253 1612 352 1671 omnia
363 1618 443 1688 pacta
452 1612 698 1671 etconventionoe
707 1610 783 1671 circa
792 1610 971 1687 stipendium
980 1613 1093 1684 missae,

84 1701 119 1753 ut
132 1711 168 1754 ex
184 1712 251 1777 cop.
264 1692 320 1777 fiee.
335 1694 371 1756 cle
386 1695 504 1763 Poetis,
515 1714 581 1775 cop.
594 1696 631 1755 Si
644 1712 716 1767 uos,
734 1693 770 1756 de
785 1692 928 1765 simonio,
942 1703 993 1757 etc.
1008 1696 1096 1757 Affic-
1197 1728 1205 1737 -

84 1789 168 1839 mant
189 1780 261 1843 ucrb
281 1782 481 1842 communiter
500 1782 581 1842 bete.
594 1777 646 1843 lib.
660 1783 690 1841 2.
706 1798 773 1860 cop.
791 1781 841 1840 55.
861 1798 894 1838 rt.
908 1781 957 1840 48.
971 1778 1041 1842 Pol.
1056 1782 1097 1844 de

83 1866 151 1924 sim.
165 1882 198 1944 p.
214 1868 244 1925 9.
259 1884 292 1925 u.
306 1869 335 1927 l.
352 1864 463 1927 Soeclt.
477 1868 564 1928 cue.
579 1862 632 1927 leb.
645 1867 676 1926 2.
688 1881 756 1945 cap.
770 1862 800 1925 5.
813 1863 844 1925 cl.
859 1867 907 1925 ll.
921 1884 953 1926 rt.
967 1867 997 1926 8.
1012 1868 1098 1929 lion-

84 1945 231 2028 captiuae
246 1950 315 2010 aim.
331 1969 403 2033 cop..
415 1953 445 2012 2.
466 1966 499 2032 p.
515 1954 546 2014 2.
566 1969 599 2034 p.
608 1950 679 2013 208.
693 1967 761 2011 cum
778 1950 884 2030 noym
900 1958 930 2011 et
951 1953 1033 2014 Gutt.
1057 1970 1096 2014 uc

84 2033 177 2095 Solae.
190 2033 227 2093 cle
238 2035 346 2096 cimon.
360 2055 386 2096 c.
400 2038 430 2097 5.
442 2054 474 2116 p.
487 2039 518 2096 5.
531 2055 564 2097 rt.
578 2039 628 2098 22.
641 2054 707 2096 cum
718 2031 870 2112 eleutero,
882 2035 991 2098 Sortcb.
1005 2038 1094 2112 Solo,

89 2115 191 2181 Villol.
208 2117 308 2180 ledes.
327 2128 382 2180 etc.
399 2123 437 2180 lit
455 2119 513 2180 hoc
532 2121 687 2199 probabile
709 2120 850 2194 videtur,
873 2123 898 2181 si
913 2130 1032 2200 pactum
1052 2123 1097 2184 sit

84 2203 122 2264 dc
142 2203 223 2282 justo
248 2204 397 2283 stipendio
420 2204 584 2266 secundum
606 2214 729 2279 tanam,
754 2205 802 2266 vel
826 2207 1093 2279 consuetudinem,

85 2296 175 2368 prout
191 2289 321 2349 diximus
339 2286 392 2350 lib.
417 2291 449 2350 4.
466 2308 499 2350 u.
521 2291 571 2350 bb.
590 2292 695 2366 Ratio,
714 2290 805 2369 quia,
825 2289 894 2351 licet
911 2291 1110 2368 stipendium

85 2393 146 2435 non
166 2373 256 2434 detur
277 2380 312 2434 ut
332 2375 463 2452 pretium
486 2375 601 2446 mium,
623 2383 754 2436 ettamen
769 2418 777 2448 ‚
792 2373 861 2435 edm
885 2375 1035 2435 tribuatur
1055 2391 1095 2436 ex

81 2457 196 2536 justitia
217 2475 272 2537 pro
292 2461 503 2520 sustentatione
520 2459 699 2530 sacerdotis,
722 2466 756 2519 ut
776 2458 913 2520 docetD.
931 2457 987 2519 Tb.
1001 2461 1097 2539 supr-d

85 2543 275 2606 re.3lb.nil1il
285 2543 605 2624 obstatquodpocsitio
616 2543 1097 2622 pactumdeduei.Ncqueobstant
1223 2557 1224 2598 3

86 2649 212 2691 canones
236 2631 339 2704 citati,
361 2628 397 2692 cd
420 2629 500 2707 qubd
519 2629 574 2710 ipsi
598 2631 647 2689 vel
671 2647 727 2689 usu
751 2628 882 2708 abrogati
904 2628 1037 2703 luerint,
1059 2638 1097 2690 ut

85 2713 190 2772 dicum
206 2714 341 2790 Luscius,
359 2723 388 2775 ut
398 2713 508 2776 Soucb.
521 2759 529 2787 ‚
543 2715 589 2774 vel
607 2713 678 2793 qnia
692 2713 816 2790 intelligi
828 2713 937 2774 debent
951 2711 1097 2789 depactis

86 2798 214 2868 illicitis,
233 2807 268 2856 ut
287 2797 394 2859 melicis
412 2801 455 2861 ait
472 2805 603 2882 Roucap.
622 2817 690 2860 cum
708 2799 806 2860 Glosso
821 2798 855 2858 ire
870 2797 940 2858 dict.
952 2815 978 2857 c.
989 2794 1046 2875 fin.
1059 2795 1098 2856 cle

84 2880 196 2964 pectis,
213 2899 242 2939 o.
262 2881 400 2954 Cessare,
421 2885 472 2962 qni
493 2885 589 2945 dicit:
606 2887 646 2944 Iu
661 2880 870 2964 spiritualibus
886 2883 983 2944 omnia
997 2881 1097 2958 pactio

21 3041 30 3050 Ι
86 2964 192 3028 illicito
210 2981 321 3026 cecatus
336 2964 428 3026 debet.
448 2967 646 3040 Etlraee‘sola
669 2977 752 3048 pacta
774 2968 852 3028 circa
867 2966 1096 3028 celebrationem
1221 3025 1222 3038 p

88 3055 244 3114 missarum
264 3050 461 3128 reprobantur
482 3049 654 3114 la'lrident.
664 3071 734 3114 sees.
751 3054 801 3113 22.
819 3051 855 3112 ele
867 3050 985 3113 Obsecro.
996 3050 1030 3111 t'rt
1043 3048 1095 3110 ccl

87 3139 170 3200 oea'se.
185 3135 237 3197 ubi
252 3134 383 3195 sancitur
396 3133 476 3213 qubd
486 3137 619 3216 Episcopi
638 3138 826 3218 importunas
841 3145 929 3215 utque
940 3131 1099 3195 illiberales

88 3221 338 3303 elcemosynarum
354 3220 537 3294 exactiones,
548 3222 649 3302 potitis
668 3223 759 3305 qudm
776 3218 1008 3303 postulationes,
1023 3235 1099 3300 pro-

89 3306 217 3369 bibeont.
235 3304 313 3384 Ergb
333 3303 420 3384 (bend
438 3304 479 3364 ait
492 3307 575 3388 Lupo
593 3309 680 3389 Resp.
696 3325 772 3367 tuor.
789 3304 841 3366 lib.
858 3308 887 3365 5.
903 3303 933 3366 cl.
952 3305 1000 3364 l8.
1014 3321 1048 3362 rt.
1065 3304 1096 3363 7.

89 3392 212 3466 loquens
232 3392 269 3451 de
288 3391 345 3453 hoc
359 3399 442 3452 textu
462 3393 592 3472 concilii}
610 3411 670 3452 non
689 3393 900 3471 postulationes
916 3389 1021 3467 justae,
1044 3389 1099 3450 sed

89 3474 253 3533 «mactiones
266 3475 441 3544 illiberalcs‚
457 3486 489 3536 et
501 3477 681 3556 importunae
694 3477 815 3555 (scilicet
827 3473 1010 3547 excedentes)
1025 3491 1100 3551 pro·

90 3554 249 3624 hibentur,
268 3575 335 3630 qnae
349 3562 454 3636 ntique
472 3565 627 3623 avaritiam
646 3562 777 3639 sapiunt.
789 3557 933 3620 Caeterum
949 3557 980 3616 in
993 3555 1101 3634 hujus-

92 3631 1096 3723 modipactionibns‚quantumlieripotest,scandalaoaubridebent
