2450 3975
109 145 168 208 958
339 139 403 202 tto.
417 141 447 200 6.
465 141 564 201 Troet.
578 140 608 200 5.
624 139 669 199 De
678 135 880 200 Eucharistiae.

106 245 187 306 laicis
204 240 309 306 oblatis
327 241 595 320 Congregationum
618 237 802 299 sacerdotum
822 238 1005 302 saecularium
1024 242 1115 301 saeri-

106 331 178 402 stis,
195 339 226 391 et
245 328 384 391 omnibus
404 330 455 407 qui
476 329 506 388 iu
520 325 624 388 babitu
641 325 767 386 clericali
779 325 910 386 Ecclesiis
929 325 1116 403 inserviunt;

106 409 139 472 bi
155 415 237 476 enim
252 415 285 474 in
295 413 418 474 Ecclesia
432 411 604 472 muneribus
616 409 788 470 elericorum
801 410 1114 488 iungunturzsaltcm,

105 495 189 571 dico,
203 497 258 560 bos
274 497 292 558 b
309 499 393 578 culpa
406 495 556 564 excusari,
574 495 643 573 quia
657 493 730 554 dum
743 493 874 554 officium
890 495 1015 554 sacristae
1028 513 1117 555 exer-

106 591 196 654 cent,
217 601 334 662 semper
352 582 432 642 adest
452 578 586 658 aliqualis
607 579 761 638 necessitas
781 597 860 639 saera
875 595 942 638 vasa
960 580 1114 658 tangendi.

106 665 144 726 lit
161 668 240 730 idem
258 667 338 748 quod
356 667 469 727 dictum
480 673 524 724 est
539 665 577 724 de
589 671 668 724 tactu
681 681 831 724 sacrorum
843 681 979 726 vasorum
991 711 999 734 ,
1012 667 1119 726 dicen-

106 750 180 812 dum
197 762 243 815 est
260 753 298 813 de
315 759 393 811 tactu
415 750 636 827 corporalium,
657 757 691 809 ut
711 749 753 808 ait
772 749 885 810 Merota'
900 767 935 832 p.
955 751 1024 812 515.
1046 769 1115 812 euru

108 836 237 912 Quarti,
254 840 346 915 Pasq.
360 881 369 907 ,
385 842 414 896 et
427 833 586 894 romanum.

146 920 267 982 llinimd
284 930 383 980 autem
402 928 522 997 peccant
542 918 609 979 laici
632 925 783 998 tangentes
805 923 899 980 vestes
921 937 1036 992 sacras,
1060 929 1115 982 aut

105 1006 162 1068 alia
177 1023 237 1066 nou
255 1003 424 1066 immediate
436 1003 609 1082 attingentis
620 1022 726 1083 corpus
736 1049 744 1076 ,
755 1012 785 1064 et
798 1005 970 1082 sanguinem
982 1004 1111 1079 Christi,

105 1097 139 1150 ut
149 1085 218 1164 Pol,
235 1090 324 1150 Suor.
337 1091 424 1150 Cone.
436 1090 542 1168 leym.
556 1085 653 1148 etalii
664 1095 700 1148 ιιι
713 1089 806 1169 supro
820 1084 853 1147 ll.
865 1107 905 1148 ee.
919 1107 955 1150 ex
968 1089 1113 1150 sententia

104 1177 151 1256 (ut
168 1175 244 1238 ιιιιιιὸ
260 1176 303 1238 ait
322 1172 405 1255 Pet.)
427 1176 458 1234 in
479 1177 561 1252 praxi
581 1185 708 1254 recepta.
726 1178 787 1237 Nec
806 1175 902 1236 obstat
920 1185 1017 1236 textus
1035 1177 1066 1236 in
1083 1195 1111 1236 c.

104 1257 233 1338 ditaris,
250 1268 279 1322 et
297 1279 322 1322 c.
336 1262 533 1334 Vestimenta,
553 1259 588 1321 de
607 1261 732 1321 consecr.
751 1257 822 1320 dist.
841 1261 871 1320 1.
886 1259 938 1320 ubi
955 1259 1011 1321 boe
1029 1261 1113 1321 vide·

104 1354 155 1405 tur
174 1347 320 1422 vetitum3
342 1363 412 1405 nam
431 1344 503 1404 dicit
516 1345 606 1404 Suor.
628 1345 745 1402 nullum
759 1342 800 1402 ibi
821 1343 858 1403 de
878 1341 935 1403 boe
954 1361 1015 1405 esse
1035 1361 1114 1421 prar-

104 1436 244 1506 oeptom,
266 1431 312 1488 vel
333 1431 458 1499 saltem,
479 1427 577 1504 inquit
595 1429 687 1486 Suor.
707 1445 774 1487 cum
788 1425 883 1490 Gloss·
896 1428 929 1488 ia
942 1425 972 1488 d.
986 1446 1011 1490 e.
1026 1427 1112 1488 Alta

102 1511 166 1583 ria,
181 1509 337 1574 verbl'elo
349 1555 358 1585 ,
372 1511 472 1591 qudd,
494 1512 520 1573 si
536 1505 580 1572 ibi
596 1511 718 1591 aliquod
736 1511 817 1574 adest
838 1521 1035 1590 preceptum,
1054 1511 1112 1574 boc

103 1613 159 1656 usu
178 1603 223 1656 cst
246 1595 430 1677 abrogatum.

141 1681 210 1743 585.
226 1713 267 1724 -
286 1705 299 1735 ι
320 1683 362 1742 hc
380 1679 449 1742 licet
468 1680 573 1742 decens
593 1679 649 1750 sit,
669 1689 704 1740 ut
717 1681 805 1741 ctiam
826 1679 931 1762 pysis,
952 1681 1014 1740 sive
1028 1681 1112 1742 cibo·

102 1788 118 1819 s
140 1766 239 1838 rium,
255 1773 285 1825 et
300 1766 389 1839 luna,
404 1783 456 1827 seu
474 1764 620 1844 sphaerula
639 1763 835 1835 hierotheus,
854 1773 886 1824 et
901 1764 1111 1850 quodcumque

103 1871 119 1903 ι
140 1865 191 1908 vas
199 1849 352 1910 continens
362 1893 370 1922 ‚
381 1859 411 1911 et
421 1848 589 1910 immediate
602 1857 723 1928 tangens
733 1847 962 1920 Eucharistiam,
975 1856 1010 1908 ut
1020 1850 1110 1911 etiam

103 1955 117 1986 a
140 1929 303 1993 secundum
322 1933 427 2013 leym.
443 1930 466 1993 l.
480 1935 510 1995 b.
526 1941 548 1993 ι.
563 1935 592 1995 t.
603 1952 629 1994 c.
647 1937 677 1994 6.
695 1933 844 1994 vasculum
866 1930 992 1993 chrisma
1014 1935 1111 1995 eonti-

102 2040 116 2070 ι
139 2032 230 2087 nens,
251 2014 441 2076 benedicatur
458 2016 643 2096 (benedicere
654 2027 753 2077 autem
766 2026 874 2095 praeter
890 2034 923 2076 ea
935 2059 943 2090 ,
956 2016 987 2076 in
1001 2018 1110 2095 quibus

101 2124 115 2152 ι
140 2101 239 2160 unctio
251 2097 408 2159 adhibetur
420 2144 429 2171 ,
442 2100 645 2178 potestidem,
660 2102 711 2178 qui
726 2111 831 2162 caetera
845 2101 1109 2178 ornamentorum

101 2209 114 2238 ι
140 2184 172 2244 in
189 2185 251 2246 Rit.
265 2186 398 2246 Romano
418 2184 539 2263 propria
559 2186 597 2244 sit
621 2182 737 2264 pyxidis
755 2185 939 2261 benedictio,
956 2185 987 2245 id
1009 2195 1109 2247 tamen

101 2295 115 2324 ι
139 2287 255 2331 neeesse
264 2287 344 2344 esse,
357 2279 465 2350 negant
474 2271 660 2331 Soonllurt.
673 2273 774 2351 Lupo,
789 2270 890 2333 Tourb.
903 2267 954 2331 tit.
963 2272 991 2329 1.
1002 2270 1107 2353 ecped.

101 2382 115 2411 ι
138 2354 247 2436 Serrifi
268 2352 343 2416 e.'l.
363 2356 389 2435 l.
412 2358 442 2417 8.
463 2374 518 2417 nee
538 2374 601 2416 osse
623 2374 738 2419 necesse
758 2357 913 2434 imponere
932 2356 1034 2435 pyxidi
1056 2374 1107 2418 vas
1223 2398 1225 2406 ,

101 2464 114 2495 a
138 2441 251 2501 lineum
271 2440 459 2502 benedictum
479 2442 685 2502 benedictione
704 2442 873 2519 corporalis.

142 2550 157 2580 a
177 2524 271 2587 Porrb
287 2525 384 2599 calix,
407 2535 438 2587 et
457 2534 564 2605 patena
586 2527 716 2586 conlecta
739 2543 801 2586 esse
822 2524 931 2586 debent
952 2543 988 2585 ex
1011 2538 1105 2599 auro,

99 2637 113 2666 s
136 2610 333 2689 argento,vel
345 2612 582 2684 stanuo‚saltem
591 2611 687 2689 quoad
699 2626 824 2691 cuppam
836 2609 1007 2688 (admittunt
1018 2612 1108 2671 ctiam

99 2718 112 2747 ι
137 2695 227 2771 aliqui
248 2712 285 2753 cx
306 2695 441 2773 plumbo)
462 2697 513 2755 sed
534 2713 595 2756 uon
619 2714 654 2755 ex
674 2712 752 2769 aere,
766 2714 791 2755 e.
812 2695 854 2753 tu.
867 2692 962 2767 colia,
982 2693 1017 2755 de
1035 2712 1106 2755 eoo·

99 2802 113 2830 n
136 2793 207 2837 secr.
225 2774 256 2835 d.
271 2777 301 2836 l.
319 2801 333 2829 ι
352 2778 440 2855 (vide
455 2777 535 2840 dieto
549 2798 581 2839 a.
599 2780 669 2843 570.
679 2779 758 2841 Dat.
770 2780 798 2837 5.
806 2766 843 2839 ire
853 2778 924 2859 fine)
942 2802 955 2833 a
972 2779 1106 2855 quamvis

99 2884 112 2913 a
140 2858 241 2920 Tomb.
258 2856 280 2919 l.
300 2861 330 2919 1.
351 2861 453 2941 expect.
469 2862 579 2942 Sacris.
593 2884 619 2925 o.
634 2866 662 2923 l.
676 2881 742 2923 cum
758 2864 849 2923 liort.
867 2865 964 2942 Fopn.
981 2868 1011 2920 et
1026 2864 1104 2922 Gon.

99 2969 112 2997 ι
135 2943 269 3004 admittat
280 2944 369 3003 etiam
380 2962 416 3003 ex
426 2962 636 3025 gemma,quae
647 2945 729 3025 aeque
740 2945 865 3023 pretiosa
875 2945 970 3016 sit,ae
978 2960 1103 3021 aurum,

99 3054 111 3082 ι
136 3029 183 3088 vel
200 3038 373 3108 argentum,
390 3028 480 3089 modb
499 3032 610 3107 speeies
627 3049 689 3091 non
706 3030 848 3100 imbibat,
864 3044 917 3086 nec
936 3026 973 3084 sit
986 3027 1106 3104 perieu-

98 3137 111 3165 ιι
137 3114 217 3189 lum,
236 3131 275 3172 uo
293 3111 479 3191 effringatur.
500 3117 560 3185 Ac,
575 3112 643 3175 licet
661 3112 786 3173 Rubrira
804 3110 971 3191 praescribat
988 3118 1023 3170 ut
1047 3114 1105 3173 sal·

98 3222 110 3247 ·
135 3207 196 3257 tem
217 3216 333 3277 cuppa,
354 3206 383 3257 et
405 3198 540 3275 superior
564 3215 632 3277 pars
656 3206 769 3276 patenae
790 3198 829 3257 sit
849 3194 1013 3273 deaurata,
1037 3214 1102 3258 eam

97 3304 109 3330 ι
134 3289 233 3339 tamen
247 3301 308 3343 non
319 3282 448 3361 obligare
459 3282 514 3342 sub
526 3283 642 3343 mortali
652 3279 841 3357 Groo.,imb
852 3298 906 3341 nee
914 3279 970 3340 sub
981 3282 1102 3355 veniali,

95 3384 108 3409 a
132 3373 254 3437 propter
273 3384 361 3425 nsum
378 3367 578 3446 contrarium,
598 3369 664 3429 vult
686 3364 787 3428 Tomb.
801 3363 821 3426 l.
835 3385 863 3427 e.

131 3442 200 3497 581.
213 3448 370 3516 -Dubit
394 3452 425 3510 1.
447 3454 494 3511 An
521 3454 606 3533 pyxis
626 3453 731 3514 debeat
761 3453 949 3515 consecrari?
970 3450 1103 3511 Affirmat

97 3515 192 3575 ΜΗ·
214 3540 265 3599 (11)·
283 3530 372 3590 Crete
387 3551 420 3593 ιι.
443 3537 513 3598 518.
537 3538 593 3600 Sed
609 3537 707 3601 verius
724 3544 754 3598 ot
776 3539 974 3603 communiter
990 3544 1101 3615 negant
