2450 3975
184 193 257 274 Cap.
274 195 304 254 5.
317 193 363 251 De
374 186 507 251 ducitur.
522 196 558 249 ut
569 194 614 250 eet
627 188 905 269 sacrificioruDul.
916 197 945 257 4.
1015 195 1073 258 947

58 313 122 358 non
143 297 245 374 parit;
261 303 291 356 ct
311 293 379 364 ided
397 292 439 352 ait
455 288 576 355 Holzm.
589 291 647 354 hoc
665 295 767 354 usitari
784 296 817 356 in
840 297 994 359 Germania
1016 317 1072 377 pro

59 381 195 442 Ecclesiis
210 379 410 460 pauperculis.

99 467 261 526 Dubitatur
283 469 313 525 4.
340 464 386 524 An
405 464 481 525 calix
503 465 622 527 amittat
649 467 897 528 consecrationem
919 469 944 528 si
975 487 1070 548 cuppa

59 551 245 631 separatura
267 550 365 630 pede?
383 551 413 609 Si
433 567 527 628 cuppa
546 551 585 610 sit
603 549 661 610 fixa
685 551 775 629 pedi,
794 562 908 612 certum
929 563 976 612 est.
993 552 1072 632 apud

60 655 167 714 omnes
184 638 320 696 omittere
341 636 609 710 consecrationem
632 637 657 696 si
676 635 747 698 vend
773 656 826 716 pes
849 638 886 698 sit
904 641 1071 708 tornatilis,

60 725 151 783 etiam
162 721 310 781 affirmant
317 721 349 781 S.
358 719 502 780 Antonin.
511 723 539 780 5.
544 728 628 801 port.
642 722 741 782 tinto.
753 721 778 802 §.
793 725 822 783 5.
831 731 859 782 et
870 719 980 782 Polnd.
990 721 1070 802 Syia.

59 816 115 867 etc.
128 825 180 887 up.
190 805 293 867 Escoin
308 801 329 866 l.
343 805 394 864 94.
409 822 441 864 n.
458 805 527 865 474.
538 805 607 883 quia
623 806 697 865 calix
719 825 773 884 per
785 809 998 886 separationem
1009 807 1073 884 jam

56 893 189 952 formam
207 891 328 952 amittit.
344 889 401 949 Sed
420 891 619 950 communiter
637 901 746 970 negant
757 893 870 953 Suurez
887 890 918 953 d.
938 893 987 952 84.
1001 899 1069 952 sect.

59 979 91 1037 7.
111 981 190 1038 Βοο.
207 995 240 1058 p.
262 978 292 1036 9.
314 996 348 1037 n.
374 976 424 1035 90.
448 976 530 1056 lupo
543 973 572 1035 d.
588 979 637 1036 90.
651 995 683 1036 n.
700 979 750 1038 95.
765 981 856 1040 Ronc.
870 998 895 1040 c.
911 981 940 1038 6.
951 995 979 1058 q.
994 980 1024 1038 4.
1044 986 1074 1038 et

59 1061 165 1124 Eseob.
178 1080 212 1121 n.
226 1062 296 1121 476.
314 1077 380 1121 cunt
393 1055 464 1120 Fill.
487 1061 616 1132 Averso,
632 1063 725 1121 Hnrt.
745 1071 774 1122 et
788 1061 868 1125 aliis.
883 1063 966 1124 Ratio
979 1107 987 1136 ,
1002 1065 1071 1141 quia

59 1168 117 1227 per
145 1149 235 1208 talem
256 1146 475 1225 separationem
491 1146 566 1205 calix
586 1145 688 1206 reverit
712 1147 838 1209 formam
865 1167 926 1211 non
951 1149 1070 1228 perdit,

59 1233 133 1294 ciam
151 1232 216 1310 ejus
233 1241 331 1312 partes
349 1233 413 1291 sine
431 1249 510 1291 noro
525 1231 650 1291 artilieio
665 1231 751 1311 jungi
767 1234 893 1312 possint.
1110 1227 1113 1232 ’

100 1321 170 1380 574.
182 1350 221 1363 -
234 1343 248 1371 a
261 1320 289 1378 44.
303 1320 405 1377 Vestes
418 1335 506 1376 sacrae
518 1327 712 1390 execrantur,
729 1317 847 1395 quando
859 1320 900 1380 ita
915 1319 1073 1382 destruun-

59 1431 76 1459 n
100 1413 175 1476 tur,
195 1411 230 1463 ut
244 1403 370 1482 perdant
387 1421 475 1461 soom
495 1419 602 1477 usum‚·
621 1409 655 1460 ut
674 1403 699 1461 si
719 1403 828 1479 cinguli
849 1413 932 1481 parte
954 1415 984 1466 te
1009 1426 1070 1468 nou

59 1516 76 1544 a
99 1488 228 1568 ampliris
244 1491 364 1566 cingere
385 1487 493 1565 possis,
513 1486 562 1545 vel
580 1485 605 1545 si
625 1487 738 1547 manica
757 1489 794 1546 ab
813 1488 878 1550 alba
898 1502 1070 1568 separetur,

59 1601 77 1630 n
88 1586 90 1589 “
100 1575 215 1636 etiamsi
230 1581 330 1652 postea
351 1580 518 1650 reparetur.
533 1573 600 1632 Nou
621 1572 751 1648 perdunt
766 1582 879 1664 autem,
895 1577 948 1636 etsi
963 1577 1072 1637 attritis

60 1689 76 1718 n
101 1679 171 1741 pars
187 1660 285 1738 aliqua
306 1667 456 1733 assuatur3
469 1657 517 1716 rel
536 1656 646 1734 cinguli
668 1658 746 1736 parti
759 1667 835 1736 aptae
854 1659 949 1721 adhuc
961 1661 998 1720 ad
1014 1663 1073 1722 eiu·

59 1773 77 1801 s
100 1745 232 1825 gendum
245 1746 336 1806 altera
355 1751 547 1814 annectatur,
562 1742 630 1819 quia
647 1751 718 1802 tunc
737 1745 930 1804 accessorium
939 1745 1073 1826 sequitur

62 1861 78 1889 ι
100 1831 274 1912 principale.
298 1831 397 1909 Lupo,
415 1825 519 1889 Tomb.
541 1825 577 1888 de
596 1845 665 1910 carp.
679 1829 762 1888 Soer.
779 1824 802 1888 l.
828 1831 855 1889 4.
876 1849 901 1890 ο.
925 1832 955 1890 5.
968 1829 995 1911 §.
1010 1834 1040 1894 9.
1051 1855 1066 1884 ο

60 1921 125 1997 (lto
138 1915 228 1976 etiam
240 1914 342 1976 dicunt
356 1916 440 1974 Cont.
460 1915 570 1973 Tourn.
584 1909 639 1974 loc.
652 1911 701 1974 cit.
716 1922 783 1974 sect.
796 1915 825 1974 8.
841 1913 874 1974 t'n
882 1913 939 1996 fin.
953 1933 982 1976 o.
997 1916 1073 1978 Dico

60 2000 201 2064 5.·8ο44ο.
223 2008 262 2061 tr.
274 2002 303 2060 t.
321 2019 346 2060 c.
365 2002 394 2058 4.
407 2017 440 2080 p.
456 2000 486 2058 4.
501 2018 534 2058 n.
547 2000 596 2058 94.
609 2016 675 2059 cum
694 2000 845 2061 cornutunt’
854 2045 863 2073 ‚
882 2001 985 2065 Tumd.
999 2022 1024 2065 c.
1039 2006 1069 2063 5.

59 2090 88 2170 S.
99 2092 131 2149 9.
145 2081 230 2147 Elbel
250 2105 282 2145 n.
296 2086 364 2145 989.
380 2103 446 2144 uem
458 2086 564 2163 Lepon.
577 2086 653 2145 Gon.
671 2094 698 2145 et
708 2082 777 2146 olit'e
789 2086 915 2169 passim.
935 2087 1015 2149 Unde
1025 2088 1073 2150 di·

60 2182 134 2235 cunt
148 2173 239 2232 Suor.
251 2168 281 2231 d.
293 2172 343 2230 89.
364 2177 431 2229 sect.
450 2172 480 2230 9.
496 2176 523 2229 et
536 2171 566 2230 5.
587 2174 701 2234 Βοοοο.
723 2188 756 2251 p.
779 2172 809 2229 9.
830 2189 864 2231 n.
892 2173 942 2231 96.
963 2175 1070 2251 leym.

59 2278 129 2339 cop.
145 2260 174 2317 6.
184 2274 269 2315 num.
285 2257 314 2314 6.
330 2258 413 2316 cont.
436 2256 546 2315 Toum.
557 2253 629 2317 ibid.
650 2274 743 2337 puter.
762 2258 811 2315 44.
827 2273 854 2317 r.
867 2258 898 2315 4.
912 2256 1070 2336 etinfreio.

59 2346 138 2405 Dico
151 2344 179 2401 5.
196 2349 225 2400 et
235 2337 302 2401 Pol.
312 2358 348 2421 p.
359 2343 408 2400 49.
421 2358 452 2399 n.
468 2341 516 2400 49.
533 2358 600 2401 eum
612 2341 693 2399 Nou.
707 2348 735 2399 et
749 2342 821 2400 Con.
835 2338 914 2420 quiid
922 2338 1072 2423 corporale

61 2428 127 2489 erim
140 2426 253 2486 omittit
258 2423 482 2487 benedictionem
491 2467 500 2498 ‚
510 2424 578 2485 crim
589 2422 724 2485 redditur
733 2423 865 2503 ineptum
875 2424 1072 2487 diminutione

59 2509 108 2574 cel
126 2509 271 2590 scardona
286 2508 327 2570 od
338 2506 469 2571 detentu
479 2506 689 2571 continendum
706 2504 824 2569 culicem
847 2526 913 2568 cum
936 2516 1071 2588 patena.-

60 2596 153 2674 atta,
174 2595 240 2656 caim
264 2593 302 2656 od
321 2612 356 2655 eo
381 2595 501 2656 monica
526 2592 731 2657 atteteritur.-
746 2590 918 2672 carpetam,
938 2591 1004 2653 edm
1027 2593 1072 2656 ito

58 2681 229 2762 coemitur,
244 2689 280 2741 ut
290 2688 399 2741 neuma
413 2698 488 2761 pora
500 2679 614 2762 cinpejre
627 2674 723 2760 possit
737 2700 748 2737 .·
760 2674 852 2754 stolo,
864 2676 931 2739 edm
945 2696 1006 2740 non
1015 2698 1072 2763 po·

59 2775 116 2829 test
130 2764 265 2827 humeros
285 2763 420 2847 opcn're5
432 2772 464 2825 et
478 2763 555 2826 idem
571 2760 740 2839 dicendum,
754 2761 783 2823 ei
798 2756 902 2841 aliquo
920 2761 984 2844 ejece
997 2784 1072 2847 pora

58 2847 226 2925 scinditur,
241 2848 377 2929 quamuis
390 2850 494 2910 atatim
509 2846 676 2920 sorciatur,
687 2844 836 2927 quiajam
847 2864 934 2907 creone
941 2846 1071 2929 formam

61 2932 187 3012 omisit).
204 2935 390 3009 «Similiter,
403 2935 428 2994 si
439 2935 513 2998 stola
526 2976 535 3007 ‚
553 2934 600 2993 vel
616 2934 711 2993 casula
725 2932 886 3011 duplicata,
899 2934 975 2994 facili
988 2953 1072 3014 sepa-

62 3045 77 3073 »
100 3020 238 3091 ratione,
251 3019 326 3081 flant
339 3018 406 3079 duae
416 3062 425 3090 ‚
436 3034 562 3095 quarum
574 3024 700 3095 utraque
713 3027 780 3097 apta
790 3017 828 3077 sit
837 3018 1068 3090 austeritatum,

63 3129 78 3158 ι
100 3122 162 3163 nou
177 3103 306 3182 perdunt
323 3102 570 3169 benedictionem.
587 3101 690 3165 Taenia.
708 3098 762 3163 loc.
779 3100 828 3161 cit.
845 3126 858 3155 o
875 3101 936 3180 (lta
947 3120 1072 3168 conume-

61 3186 184 3247 na'asime
196 3188 444 3248 noeaoeane.
456 3185 487 3248 d.
499 3187 549 3249 89.
558 3194 627 3249 sect.
639 3186 669 3249 9.
686 3184 779 3248 Satn.
791 3186 839 3247 cit.
851 3202 883 3246 n.
901 3186 951 3246 94.
969 3186 1003 3246 in
1009 3184 1067 3265 fite.

61 3282 91 3334 et
106 3272 147 3333 So
160 3290 211 3352 up.
228 3268 296 3332 Pol.
309 3290 342 3352 p.
356 3273 405 3331 40.
414 3288 447 3331 n.
459 3270 513 3350 8.l.

106 3381 120 3410 a
138 3358 167 3416 6.
179 3358 279 3417 Partes
295 3359 403 3417 avulsae
421 3356 439 3416 d
458 3374 493 3417 re
509 3364 673 3417 consecrata
689 3400 698 3430 ‚
712 3356 858 3417 destructe
875 3354 938 3432 ejus
958 3354 1068 3435 sormi,

60 3468 75 3497 n
100 3441 241 3505 desinunt
252 3456 315 3499 esse
327 3458 416 3501 sacrae
426 3483 434 3511 ‚
445 3456 476 3499 v.
493 3460 523 3521 g.
535 3442 631 3519 ligna,
645 3449 675 3500 et
688 3441 798 3517 lapides
808 3440 940 3501 Ecclesiae
950 3440 1068 3514 dirutae,

61 3551 75 3580 ο
99 3526 147 3585 vel
167 3524 288 3584 altaris:
304 3524 342 3585 ob
359 3531 523 3603 respectum
538 3534 636 3585 tamen
651 3524 763 3585 adrem
777 3544 887 3585 sacram
907 3523 990 3603 cujus
1001 3537 1070 3588 sunt

60 3635 74 3665 a
92 3609 259 3753 reliquiae}
271 3625 332 3673 uon
350 3618 475 3691 possunt
492 3610 633 3691 applicari
649 3608 686 3670 ad
704 3628 772 3671 usus
792 3610 948 3692 profanos,
963 3621 1013 3674 aut
1028 3611 1069 3673 di·

104 3698 188 3756 Toni.
215 3695 268 3755 V.
913 3696 952 3757 49
