2450 3975
320 256 394 337 cip.
413 254 441 316 l.
462 254 503 317 lle
524 252 707 315 contritione.
727 252 805 313 Dnb.
819 254 851 313 b.
931 246 934 251 ’
1034 254 1090 311 517

93 362 158 424 236.
181 382 213 427 ιι.
229 366 276 427 tt.
294 366 393 426 Certen
412 362 545 425 Preiect.
567 361 601 423 de
623 382 701 443 potr.
725 372 806 443 port.
824 364 853 424 5.
877 362 949 423 item
962 358 1097 427 llnrtndt

93 448 180 529 Pnaq.
195 468 245 528 ep.
257 448 352 530 Dion.
366 466 398 528 p.
416 449 445 507 9.
461 454 499 507 tr.
510 448 540 507 9.
556 444 640 507 reaol.
656 448 704 507 bl.
723 448 759 506 Et
776 446 899 512 Carden-
915 446 949 507 in
961 464 1049 528 prop.
1062 447 1090 503 l.

95 532 189 593 Inone.
203 536 260 594 XI.
281 553 313 593 n.
332 535 381 593 tt.
393 532 528 598 dubitat,
547 550 583 589 an
600 530 696 608 prima
715 532 859 591 sententia
883 529 920 591 sit
938 531 1090 591 moraliter

94 628 176 677 certa.
193 620 293 689 Ratio,
308 619 377 695 quie
389 616 457 677 licit
470 613 679 676 Tridentinnm
697 614 774 675 dieat
790 634 826 675 ex
842 625 920 676 metu
932 614 1089 695 pebennae,

93 706 297 780 eipennoni,
310 720 371 762 non
389 708 488 760 tamen
507 699 661 776 distinguit
673 698 814 776 gehennae
826 744 834 769 ,
848 700 895 760 vel
917 718 1091 779 poenarum;

93 784 167 846 unde
177 788 368 865 probabiliter
377 786 460 863 ponit
473 792 633 861 utrumque
646 803 699 861 pro
709 784 811 845 eodem
821 808 830 859 3
839 783 906 845 cirm
916 787 996 845 enirn
1006 802 1090 861 prona

90 872 195 945 peccati
207 872 339 934 mortalis
354 873 392 931 sit
406 878 514 931 aeterna
524 912 532 941 ,
542 869 580 929 de
598 870 676 929 malo
692 878 802 929 aeterno
820 872 965 947 poenitons
987 868 1092 929 timere

90 952 184 1015 debet.
207 956 305 1017 Prima
329 954 472 1015 sententia
504 953 623 1013 videtur
647 953 846 1031 probabilior3
866 973 932 1013 nam
958 951 1091 1031 gebenna

84 1048 204 1099 cunetas
226 1040 432 1117 complectitur
442 1044 565 1097 aeternas
581 1054 698 1115 paruas,
714 1045 744 1096 et
761 1036 827 1097 ided
841 1038 974 1108 ,dicente
995 1036 1092 1097 conci·

88 1118 146 1192 lio,
161 1130 374 1204 etpoenornm,
389 1120 501 1200 aliquid
520 1120 620 1192 aliud,
638 1128 745 1199 praeter
763 1138 881 1199 poenam
893 1131 1033 1181 oeternam
1046 1120 1091 1181 iu·

89 1205 280 1285 telligendum
295 1214 351 1268 est.
363 1208 401 1267 ot
416 1204 483 1265 cirm
493 1203 620 1265 secunda
629 1223 690 1265 non
704 1214 799 1265 careat
808 1223 859 1264 sua
872 1198 1088 1283 probabilitate,

87 1290 187 1353 saltem
200 1290 362 1353 extrinseci
370 1334 381 1367 ,
396 1298 468 1369 puto
481 1287 573 1351 tutius
586 1289 618 1349 in
634 1288 717 1365 praxi
729 1306 792 1349 eam
807 1290 977 1352 servandam
991 1306 1063 1349 esse.

123 1407 478 1484 ttt.-Quoerituv111.
491 1406 711 1485 impossitdari
725 1415 938 1467 sacramentum
951 1408 1091 1486 preniten-

86 1492 134 1551 tiae
153 1494 286 1559 validum
298 1501 329 1552 et
344 1490 487 1551 informe:
502 1492 590 1551 Casus
601 1499 695 1564 esset,
709 1509 816 1570 nempe
828 1492 852 1551 si
865 1492 931 1568 quis
944 1492 1003 1552 duo
1015 1510 1091 1552 mor·

87 1576 153 1637 tolie
169 1578 365 1651 commiserit,
381 1592 475 1635 unum
493 1576 563 1636 furti
579 1620 587 1648 ,
606 1577 734 1636 altorum
752 1575 876 1655 perjurii
887 1598 896 1652 3
909 1577 1015 1637 deinde
1028 1596 1091 1637 me·

86 1679 150 1723 mor
162 1662 279 1723 tantiam
298 1661 387 1731 furti,
407 1660 445 1720 de
464 1662 528 1739 ipso
550 1660 701 1721 dumtaxat
713 1662 891 1734 confinior,
906 1662 1009 1721 dolens
1031 1680 1093 1722 non

87 1764 121 1805 ex
135 1750 248 1809 motivo
262 1747 436 1821 universali,
451 1746 501 1806 sed
518 1764 554 1807 ex
573 1746 686 1807 motivo
707 1747 824 1823 speciali
838 1747 1030 1825 turpitudinis
1042 1766 1092 1807 su-

87 1834 281 1909 pernaturalis
299 1850 387 1910 quam
412 1829 500 1891 babet
525 1832 659 1906 turtum,
680 1831 840 1909 quaeritur,
868 1850 907 1891 an
929 1832 1000 1903 bic,
1021 1830 1092 1893 lie'iet

86 1919 207 1994 gratiam
223 1936 284 1979 non
300 1918 438 1996 recipiat,
458 1914 553 1976 valide
567 1925 667 1976 tamen
682 1917 857 1977 confiteatur
870 1961 878 1992 ,
892 1920 931 1979 ita
948 1925 982 1978 ut
997 1936 1092 1977 sacro·

85 2013 216 2064 mentum
228 2049 237 2076 ,
251 2005 365 2064 sublato
380 2003 478 2075 obice,
495 2020 603 2080 nempe
616 2003 757 2063 detestato
768 2014 884 2081 peceato
896 2005 1003 2077 oblito,
1013 2008 1092 2066 revi-

85 2088 171 2148 viscat
187 2090 223 2150 ad
249 2086 423 2147 censendam
443 2087 585 2165 gratiam,
599 2104 654 2147 nee
671 2095 769 2166 postea
792 2090 832 2149 sit
847 2089 985 2167 obligatio
1006 2109 1091 2170 repc-

84 2171 163 2232 tendi
175 2181 327 2252 peceatum
340 2170 403 2248 jam
423 2171 586 2232 consessum
599 2215 607 2245 ,
621 2171 672 2232 sed
684 2170 782 2241 solbm
798 2173 963 2234 omissum?

120 2291 226 2350 Prima
240 2287 433 2350 sentententia
446 2297 531 2368 negat
543 2334 553 2366 ‚
567 2298 596 2350 et
610 2287 686 2350 bane
700 2299 800 2350 tenent
812 2287 880 2368 Eib.
892 2309 924 2352 n.
940 2293 989 2352 82.
1003 2292 1088 2354 Cone.

82 2389 113 2451 p.
128 2375 195 2434 551.
212 2374 298 2436 Felix
316 2376 424 2433 Potest.
437 2373 471 2434 de
483 2393 562 2454 poert.
578 2391 610 2432 n.
623 2375 710 2434 2082.
725 2394 791 2434 curn
802 2377 901 2449 Stolo,
922 2373 1041 2437 Heia-nr.
1055 2398 1089 2438 n.

83 2458 150 2518 506.
174 2479 243 2520 cntn
265 2459 376 2534 Beato,
392 2459 518 2538 Spore,
535 2459 683 2528 licando,
713 2455 862 2536 (latiensi,
890 2468 918 2520 et
936 2461 1088 2539 Scotistis;

82 2544 280 2602 communiter
295 2543 367 2602 item
386 2543 474 2620 Vooq.
488 2541 594 2620 Lepon.
619 2544 690 2602 Con.
707 2543 768 2616 Se,
783 2552 833 2604 cte.
856 2565 873 2604 a
898 2545 1012 2607 ‚Croic-
1034 2567 1087 2607 ιιιι.

60 2621 62 2625 ’
82 2625 149 2686 ott.
164 2629 207 2686 Ex
226 2627 288 2686 istis
301 2633 399 2685 autem
414 2627 462 2684 alii
477 2626 522 2704 (ut
539 2627 629 2706 Vnsp.
643 2629 752 2687 Potest.
764 2634 793 2687 et
803 2563 897 2707 Elbefl
913 2629 1014 2690 dicunt
1031 2634 1089 2692 tale

81 2720 297 2771 sacramentum
315 2727 377 2770 esse
393 2710 524 2769 validum
542 2719 571 2770 et
584 2711 764 2786 turmarum,
785 2713 816 2772 id
831 2722 876 2773 est
895 2733 962 2776 eum
984 2717 1088 2780 ellectu

79 2795 193 2870 gratiae.
207 2797 311 2866 Ratio,
326 2794 394 2872 quie
410 2792 478 2854 edm
496 2795 642 2873 poeniteus
657 2795 775 2872 doleat,
796 2806 830 2858 ut
850 2799 981 2862 divinam
1003 2822 1089 2866 recu·

80 2887 164 2954 peret
177 2878 339 2940 amicitiam
351 2922 359 2952 ‚
373 2877 442 2938 licet
460 2879 557 2940 doleat
579 2899 616 2940 ex
631 2882 748 2961 speciali
770 2884 881 2945 motivo
895 2891 1089 2966 turpitudinis

78 2961 169 3038 lorti,
184 2975 284 3026 tamen
299 2963 363 3042 ejus
375 2964 460 3025 dolor
472 2965 640 3027 virtualiter
654 2985 686 3027 se
705 2971 836 3031 extendit
847 2972 883 3033 ad
897 2975 995 3034 omnia
1008 2993 1087 3036 mor·

78 3049 147 3109 talia
165 3050 258 3110 oblita
268 3092 276 3122 ,
287 3057 390 3128 utpote
402 3051 534 3130 opposita
548 3053 780 3116 reconciliationi
798 3076 865 3118 eum
876 3059 938 3118 Deo
951 3060 1086 3136 intentam

79 3149 110 3190 ae
133 3133 280 3212 proinde,
306 3133 331 3194 si
357 3134 437 3194 dolet
456 3133 493 3193 de
512 3136 699 3213 turpitudine
714 3141 866 3217 specifica,
888 3141 976 3201 debet
996 3143 1085 3202 etiam

77 3215 180 3278 dolere
196 3217 234 3278 de
246 3219 399 3297 generice,
415 3236 480 3295 quee
497 3219 584 3280 talem
599 3224 868 3284 reconciliationem
877 3225 1013 3302 impedit.
1026 3228 1085 3287 Alii

79 3300 149 3360 rcrb
163 3300 181 3361 ὸ
196 3319 336 3364 converso
349 3299 521 3382 (utHolzne.
539 3304 604 3383 etc.)
619 3306 722 3367 dicunt
733 3309 790 3369 tale
801 3318 1014 3368 sacramentnm
1025 3328 1086 3373 esso

79 3401 139 3444 non
165 3384 262 3446 solim
283 3389 431 3461 inlorme,
449 3387 500 3447 sed
523 3392 613 3450 etiam
641 3391 816 3452 invalidum.
841 3392 948 3462 llatio,
965 3395 1032 3471 qnia
1053 3397 1085 3458 in

78 3467 216 3528 Trident.
229 3488 297 3532 sees.
308 3473 355 3532 li.
370 3491 394 3532 c.
407 3473 436 3532 b.
451 3470 576 3532 habetur
592 3473 670 3550 qubd
689 3474 774 3534 dolor
792 3474 900 3534 dicitur
915 3492 982 3552 pars
997 3475 1085 3557 hujus

77 3557 251 3615 sacramenti
262 3600 269 3628 ,
280 3556 424 3635 qnatcnirs
433 3557 782 3636 operaturremissionenr
790 3566 973 3637 peccatorum
984 3583 992 3638 3
1002 3564 1083 3644 ergb,

77 3637 100 3694 sl
116 3636 204 3698 dolor
224 3640 273 3700 ille
293 3643 476 3720 particularis
498 3641 698 3703 remissionem
720 3661 779 3704 uon
801 3650 916 3714 causat,
931 3663 1082 3727 nunquam

554 3740 557 3750 ‘
866 3730 926 3791 nt..
