2450 3975
231 139 305 219 cap.
319 137 348 198 ὅ.
360 132 543 198 DcBuclrar.
556 142 590 196 ut
601 141 647 197 est
658 131 848 214 sucrificium.
865 133 945 198 uret.
958 135 988 196 li.
1057 87 1130 198 uts‘

101 243 220 328 publica
230 284 239 312 ,
250 239 335 316 cujus
350 239 429 299 salus
444 238 667 298 communitatis
683 237 763 298 bano
780 237 819 297 sit
837 236 1018 317 expediens).
1036 239 1116 298 etsie

102 352 161 416 pro
174 329 241 390 aliis
266 324 390 404 privatis
411 322 516 382 causis.
541 320 621 383 Nirm
640 330 740 382 autem
765 320 795 381 id
812 320 879 382 licet
904 322 942 383 ab
959 322 1115 400 specialem

102 417 290 489 devotionem
307 406 432 486 aiicujus
453 406 657 486 particularis?
681 405 804 467 Dubitat
827 407 865 465 P.
890 408 1030 469 Coccina.
1054 409 1115 487 Ege

102 509 199 569 dicam
216 495 289 577 qaid
302 495 449 558 sentiam:
464 493 537 552 Dico
553 490 582 552 l.
595 489 676 570 qnod
691 492 716 552 si
740 492 807 569 quis
823 492 955 568 privatus
973 493 1049 554 hane
1062 509 1114 553 cx-

102 589 281 672 positionem
302 579 368 640 fieri
391 581 530 656 procurat
558 574 595 636 ad
617 576 769 655 publicana
789 573 977 638 devotionem
996 595 1116 657 promo·

102 661 252 741 vendam‚
272 662 408 726 tuneista
429 657 529 739 potiris
546 659 685 740 publiea,
707 659 796 739 quim
817 661 931 739 privata
953 680 1038 722 causa
1053 678 1116 722 esse

101 752 318 820 uidetur.1)ico
336 749 368 809 2.
385 764 454 806 eum
474 745 595 806 caucia.
606 744 639 806 in
658 745 714 806 hac
730 745 939 824 spectandum,
959 764 997 806 an
1009 747 1040 806 in
1057 746 1116 806 iltis

101 845 197 916 loeis,
215 835 370 914 inquibus
384 831 421 892 fit
441 832 611 909 expositio,
632 831 751 893 devotio
768 837 800 892 et
822 832 919 892 cultus
935 829 1115 892 sacramenti

100 929 365 1009 magisaugmtur,
376 917 424 978 vel
443 918 614 988 minuatur,
631 926 660 977 ct
669 914 753 994 juxta
766 913 841 978 hana
854 918 989 996 regulam
1008 935 1114 978 censeo

100 1012 316 1094 expositionem
331 999 494 1064 faciendam
510 1001 556 1062 vei
571 1001 785 1078 omittendam
802 1001 855 1062 abi
870 1003 951 1062 enim
971 1002 1053 1079 viget
1065 1001 1113 1061 dc

99 1100 184 1162 vatia
203 1102 234 1158 ct
253 1091 352 1160 cutus
378 1093 528 1166 augetur,
554 1086 654 1170 debiti
679 1103 797 1165 semper
818 1087 938 1148 obtenti
961 1085 1112 1148 Ordinarii

98 1181 240 1250 licentia,
253 1175 368 1246 nesae,
383 1173 548 1250 pracsertim
568 1171 652 1249 juxta
677 1179 854 1250 praesentem
874 1179 1043 1233 nostrarum
1066 1188 1115 1232 re·

100 1272 226 1347 pianum
241 1264 429 1338 frequentem
442 1275 550 1326 usum,
565 1275 619 1317 cur
631 1254 730 1336 potiris
742 1275 803 1317 non
814 1257 854 1316 sit
867 1256 1012 1318 laudanda
1025 1255 1114 1334 quiam

101 1347 302 1432 improbanda
315 1341 485 1420 hujusmodi
496 1343 548 1401 SS.
558 1341 738 1401 Sacramenti
756 1341 915 1420 expositi03
929 1340 1016 1401 modo
1028 1341 1115 1420 (exci-

100 1425 1116 1521 pereminonsitnimissrcquens,nimiaenimfrequentisassetqui·

100 1511 1114 1595 dommusa,utreaerentiaargutantumSaeramcntumminueretur.

66 1637 70 1642 ⁴
142 1604 198 1668 Hie
215 1603 337 1679 insuper
359 1595 523 1659 notandum
536 1640 545 1669 ‚
559 1596 641 1676 quid
661 1597 751 1658 etiam
773 1606 905 1675 respectu
922 1597 1116 1659 Ecclesiarum

101 1686 287 1757 secularium
305 1683 389 1744 adest
412 1681 523 1742 decret.
537 1681 569 1742 S.
590 1682 625 1742 C.
647 1681 782 1760 Episcop.
797 1691 827 1740 et
846 1681 941 1758 regul.
957 1679 1117 1759 prohibens

100 1772 218 1851 extrahi
235 1769 373 1851 pyxidem
390 1765 408 1826 i
431 1766 644 1837 tabernaculo,
669 1765 737 1826 eim
758 1767 808 1826 iila
823 1765 862 1827 ab
882 1765 1027 1844 privatam
1047 1785 1116 1828 asu·

99 1879 167 1927 sam
192 1857 369 1936 exponitur,
385 1850 434 1912 his
450 1851 580 1911 verbis:
609 1847 646 1911 si
666 1849 907 1930 quandocumque
933 1849 1055 1932 privata
1079 1871 1115 1915 aa

98 1963 193 2013 causa
211 1944 399 2005 sacrosancta
411 1932 605 1997 auctoriate
622 1933 796 2017 eapoaeada
808 1933 953 1997 uidebitur
964 1979 973 2009 ,
986 1937 1006 1997 d
1019 1935 1115 2000 taber·

96 2024 209 2096 uaculo
227 2040 383 2103 uunquam
407 2018 601 2099 retrahatur,
620 2019 671 2081 sed
698 2018 808 2101 ppaidc
830 2018 928 2081 uelata
950 2019 984 2081 ia
1013 2031 1114 2102 aperto

99 2111 231 2198 rjrasdcaa
248 2103 430 2169 tabuaaculi
452 2101 576 2179 ostiolo,
593 2122 661 2169 cum
682 2104 854 2169 assistentia
874 2102 1004 2186 alicujus
1017 2125 1114 2168 sacer·

98 2198 179 2263 alatis
191 2243 199 2268 ‚
210 2190 326 2258 stoldet
337 2187 542 2271 superpellicea
560 2188 663 2251 induti
673 2235 680 2261 ,
697 2197 726 2251 ot
739 2209 805 2251 cum
824 2208 877 2251 sea
900 2188 1004 2250 saltam
1023 2188 1113 2252 lurni-

98 2282 190 2347 ailras
209 2278 298 2341 cercis
324 2272 487 2338 collocetur.
515 2273 601 2349 Quod
623 2274 701 2335 idem
722 2272 756 2333 ia
770 2272 908 2337 Ecclesiis
925 2270 1113 2339 saccularium

99 2366 217 2432 macari
241 2361 444 2424 mandamus,
458 2361 513 2421 Die
529 2360 548 2419 9
566 2363 639 2421 Dee.
656 2362 743 2421 taor.
757 2359 800 2419 ita
820 2358 898 2437 apud
915 2356 1003 2421 eard.
1023 2363 1114 2425 Laia-

99 2453 174 2516 lcrt.
198 2446 297 2528 Notis.
316 2448 366 2507 50.
389 2463 422 2505 a.
442 2444 493 2505 27.
510 2443 661 2504 Beraodict.
680 2454 780 2505 autem
797 2445 879 2504 XIV.
894 2442 926 2502 in
941 2461 994 2503 sna
1012 2445 1111 2524 bulla,

101 2537 179 2599 cum
184 2542 219 2595 ut
224 2533 298 2593 reati
306 2528 385 2592 inosti
391 2529 573 2591 mentionem
582 2530 689 2591 iaciens
696 2529 734 2590 de
744 2529 872 2607 praiatis
881 2528 1005 2589 decretis
1016 2573 1026 2602 ,
1040 2530 1113 2593 dicit

99 2618 182 2699 quaid
198 2635 253 2698 pro
273 2634 359 2675 eausa
377 2614 493 2694 privata
512 2631 666 2691 nunquam
687 2623 782 2693 potest
802 2611 917 2672 extrahi
929 2612 1035 2691 pyxis,
1058 2634 1113 2679 nee

98 2701 244 2769 etiamad
262 2701 407 2780 populum
434 2696 669 2759 benedicendum
686 2720 693 2757 ε
710 2698 747 2759 Si
773 2704 909 2757 autea...
941 2705 1023 2774 (sunt
1050 2700 1113 2779 ejus

99 2788 203 2865 verba)
227 2803 290 2847 aaa
312 2782 429 2847 dabetd
447 2778 754 2853 accumularent,
771 2776 861 2863 sacili
878 2778 1056 2864 iaiellt'pitur
1079 2785 1112 2849 ia
1134 2842 1136 2848 .

97 2870 263 2954 damnatis
284 2868 400 2931 casibus
419 2885 481 2929 aaa
507 2884 568 2929 esse
593 2864 672 2929 illud
699 2862 882 2949 offuscandum
904 2864 945 2928 ad
975 2866 1113 2933 Ecclesia

92 2963 299 3044 instaurante
310 2974 377 3017 cuae
384 2952 483 3015 codam
494 2952 718 3016 bmcdictioacia
730 2950 966 3035 impartiendam.
978 2953 1032 3015 Hic
1042 2952 1112 3018 vero

98 3049 198 3113 obiter
212 3042 431 3107 advertendum
450 3039 483 3101 id
499 3040 580 3118 quod
598 3040 629 3101 in
649 3040 788 3119 praedicta
806 3040 886 3099 butta
912 3041 990 3101 idem
1012 3042 1112 3102 Ponti·

97 3134 148 3196 sex
159 3129 262 3192 subdit
278 3128 402 3205 :Neque
423 3125 503 3186 euim
517 3121 567 3205 fas
582 3123 686 3207 cuique
704 3142 764 3189 csse
779 3124 860 3186 dabat
875 3125 995 3205 privato
1012 3133 1112 3185 aueto-

97 3216 188 3280 aare
207 3230 322 3275 macac
333 3212 427 3273 ritum
439 3206 585 3271 iuducere.
602 3212 778 3288 Protcrtque
796 3210 837 3269 ibi
849 3211 885 3267 ad
902 3208 957 3268 hoc
969 3226 1110 3271 mnoncrn

99 3304 149 3363 ts.
160 3297 328 3361 Tridentini
348 3312 419 3357 sess.
440 3294 683 3357 urbivetum
706 3296 764 3355 init
783 3292 935 3353 immutari
959 3303 1113 3356 consuetos

98 3388 175 3449 ritus
187 3383 266 3445 eirea
282 3380 568 3442 administrationem
584 3388 860 3446 sacramentorum,
882 3385 911 3437 et
927 3376 1055 3438 declarat
1069 3398 1113 3441 ca·

98 3485 209 3533 nonem
227 3466 314 3527 illum
335 3464 495 3545 procedere
507 3465 596 3524 etiam
609 3463 706 3540 quoad
720 3462 834 3521 cultum
845 3458 896 3518 SS.
910 3459 1109 3523 Eucharistiae.

98 3556 236 3633 muueris
247 3558 347 3611 autem
360 3549 398 3610 da
418 3548 527 3611 ritibus
541 3547 647 3607 alieubi
657 3545 720 3623 J‘am
734 3542 926 3616 introductis,
937 3545 979 3605 sie
993 3545 1109 3623 inquits
