2450 3975
151 161 190 223 66
383 152 449 219 dit.
465 154 494 216 6.
513 154 611 217 Traet.
625 152 656 215 6.
670 150 925 215 6666666666.

152 256 254 339 Accipe
272 252 422 339 quotidie,
442 261 479 317 ut
498 252 631 337 quotidie
654 251 710 317 titi
731 251 844 333 prusit‚·
864 249 1017 333 subjungit
1036 261 1163 314 tament

149 341 286 413 sitriae,
309 349 343 403 ut
357 338 487 423 quotidie
499 335 641 399 nurearis
650 336 789 419 accipere.
804 337 880 398 ttiue
893 336 967 399 dicit
976 339 1010 399 S.
1022 335 1075 399 rt.
1084 356 1122 419 p.
1136 339 1166 399 ὅ.

150 445 181 509 q.
192 428 240 489 86.
252 444 283 487 6.
296 428 344 488 t0.
367 423 531 507 requiritur
542 430 654 485 ntcnnr
672 438 783 503 maqna
795 419 967 494 deuotione,
985 428 1015 483 et
1030 439 1167 483 reueren-

150 509 231 571 tia...
244 508 396 575 accedat...
410 508 460 573 sed
489 508 542 571 uia
552 503 699 569 multoties
710 503 888 588 inpinribus
898 505 1052 569 hominurn
1066 504 1168 569 multa

149 593 456 677 impedimentadujus
503 590 629 656 rationis
640 599 846 654 occurram...
858 600 977 654 nonest
987 587 1169 653 atiteomni·

151 679 204 745 oa
222 680 389 745 horninibus
414 677 544 761 quotidie
561 676 602 741 ad
620 676 674 741 trae
692 684 910 739 sacranuntnnr
924 675 1065 738 euadere.
1078 677 1168 737 Unde

148 767 259 831 meritis
276 769 412 830 damnata
436 766 491 826 suit
504 764 542 825 ab
562 766 669 825 Innoc.
681 764 744 825 XI.
769 781 856 842 prop.
875 763 924 825 56.
937 781 1004 841 quae
1022 762 1165 824 dicebat:

150 847 298 931 Frequens
316 848 474 931 consensio,
489 856 518 911 et
530 846 797 909 comarunioetiarn
813 846 847 908 in
865 845 930 920 tris,
950 844 1005 929 qui
1016 844 1169 928 qentiiitcc

151 934 272 1013 uiuunt,
291 943 336 997 est
353 942 425 995 nota
447 930 728 1015 predestinationis.
746 930 852 995 melius
872 931 972 996 dicere
994 931 1168 1004 debebant,

150 1029 195 1083 ert
211 1028 283 1083 nota
299 1017 523 1100 reprobationis.

193 1137 287 1199 Nimis
301 1133 460 1215 rigor-aste
478 1150 619 1196 converso
637 1133 689 1195 atii
709 1135 844 1195 sentiunt
855 1135 894 1195 de
905 1133 1096 1212 quetidiana,
1118 1133 1168 1193 vel

152 1220 298 1301 frequenti
312 1220 538 1291 communione,
553 1219 604 1297 qai
617 1218 655 1278 ab
665 1218 837 1293 ittaanimas
849 1227 971 1290 creent,
986 1216 1072 1279 siha
1080 1218 1168 1278 ratde

150 1305 384 1369 extraordinarii
394 1307 521 1384 puritate
532 1313 562 1364 et
571 1305 687 1364 terrore
699 1322 759 1365 non
780 1305 919 1382 polleant.
931 1306 1074 1363 Damnata
1084 1302 1168 1362 enim

152 1393 209 1453 tait
222 1411 308 1471 prop.
324 1392 374 1452 65.
390 1392 427 1449 ab
439 1387 524 1450 Aion.
540 1391 629 1451 vm.
648 1406 715 1467 qua
727 1390 844 1450 dicebat
861 1386 1034 1450 :Similiter
1045 1384 1171 1448 arcendi

152 1483 224 1537 sunt
240 1478 260 1534 d
281 1492 367 1535 sacra
384 1471 606 1548 corormunione,
632 1473 740 1553 quitus
757 1473 890 1536 nondum
912 1474 990 1535 inest
1005 1491 1094 1534 aanor
1111 1468 1170 1532 Dei

151 1561 330 1643 purissimus
341 1605 351 1637 ,
368 1566 398 1621 et
407 1560 503 1621 octenis
510 1559 664 1621 mixtionis
676 1580 790 1643 expers.
803 1565 863 1624 Nee
876 1562 1009 1635 mirum,
1023 1562 1048 1620 si
1059 1558 1169 1639 aliquis

154 1648 294 1728 magister
307 1646 447 1725 antiquus
464 1664 531 1707 cum
544 1646 643 1733 rigore
663 1648 700 1707 de
720 1646 824 1708 haesit
839 1650 954 1707 toeatas
964 1692 975 1723 ,
993 1653 1066 1710 tune
1083 1648 1167 1706 enim

153 1736 294 1813 temporis
319 1752 374 1793 usu
386 1732 502 1812 vigebat
519 1732 585 1792 tatis
604 1734 708 1813 rigor,
732 1734 784 1810 qui
800 1731 889 1793 hodie
909 1751 969 1792 non
988 1733 1079 1814 riget.
1094 1730 1169 1793 ldeir

154 1836 243 1895 super
255 1817 312 1879 hoa
330 1827 441 1893 puncto
458 1815 561 1877 seduli>
574 1815 787 1878 attendendum
801 1827 846 1878 est
860 1817 897 1877 ad
916 1818 1067 1879 decretum
1080 1819 1114 1878 S.
1134 1818 1167 1877 C.
1199 1837 1200 1840 ¹

153 1902 267 1962 editum
279 1920 356 1961 anno
368 1904 454 1961 toro.
468 1909 498 1960 et
509 1903 702 1979 approbatum
713 1901 729 1961 6
741 1903 883 1965 t‘ontifiee
893 1905 1064 1963 Innoc.Xt.
1077 1910 1169 1982 prout

147 1989 186 2062 jn
197 1997 349 2046 exterrsum
364 1986 493 2046 retertur
506 1984 522 2045 6
538 1986 628 2047 Croirc
639 2007 672 2048 6.
687 1989 756 2050 eet.
769 1991 820 2050 ubi
835 1991 914 2050 inter
924 1990 979 2048 alia
993 1989 1168 2066 primatoco

154 2073 263 2132 dieitur
289 2087 360 2130 usus
376 2071 535 2148 frequens,
557 2074 605 2132 vol
630 2067 818 2149 quotidianus
839 2074 1027 2136 Eucharistiae
1049 2093 1169 2156 semper

152 2157 241 2218 fuisse
254 2156 287 2215 in
303 2155 429 2214 Ecclesia
450 2155 656 2234 approbatasi
672 2161 723 2218 SS.
737 2159 885 2239 patribus3
899 2160 966 2231 sed,
987 2160 1103 2219 ratione
1121 2162 1168 2220 di·

153 2243 299 2302 versitatis
309 2242 556 2301 conscientiarum
568 2286 575 2314 ‚
588 2241 664 2303 nihil
677 2245 714 2304 de
724 2245 787 2325 ipso
802 2245 939 2307 constitui
951 2264 1043 2324 posse.
1051 2247 1168 2308 Deinde

153 2327 366 2406 pronuntiatur
381 2327 423 2386 sic
437 2347 445 2385 ε
460 2328 609 2406 Frequens
625 2347 755 2392 accusas
764 2329 813 2410 (ad
827 2330 1048 2412 Eucharistiam)
1058 2331 1169 2412 conses-

153 2409 303 2475 sariorum
320 2408 435 2492 judicio
462 2418 505 2471 est
529 2409 757 2494 relinquendus,
780 2415 836 2498 qni
861 2434 898 2476 ca
922 2415 1168 2478 conscientiarum
1199 2466 1200 2481 .

152 2500 298 2581 puritate,
313 2505 342 2558 et
359 2495 532 2576 frequentia
550 2495 666 2577 snecta,
682 2509 711 2560 et
729 2499 769 2561 ad
778 2500 916 2582 pietaten
933 2499 1167 2582 proeessuiatcis

153 2581 383 2664 neqotiataribus
392 2628 401 2658 ,
419 2588 448 2642 et
460 2579 644 2664 conjuqutis,
660 2585 740 2664 quod
754 2580 941 2667 prospiciunt
958 2605 1059 2649 corum
1072 2585 1167 2648 satuti

150 2668 358 2746 profuturum,
378 2663 483 2738 iditdis
495 2667 680 2749 prescribere
690 2669 841 2732 debebunt.

76 2785 80 2792 ·
194 2765 294 2824 Postea
315 2766 456 2825 additur:
472 2765 577 2828 Indae
593 2768 851 2852 iqiturpastorum
872 2768 1027 2852 ditiqentia
1044 2771 1163 2854 potissi·

152 2847 234 2908 criden
247 2845 429 2928 dormitabit,
443 2866 504 2908 non
514 2859 550 2910 ut
560 2853 579 2910 ct
586 2853 734 2933 frequenti
742 2853 1163 2936 autquotidianasuncptionc,

152 2933 242 2996 unicd
253 2935 391 3016 praecepti
409 2932 542 3012 sorrnntt
554 2935 773 3016 deterreantur,
789 2948 844 3000 aut
857 2940 994 3002 sumendi
1013 2940 1075 3002 dtas
1085 2960 1166 3022 qene-

152 3017 256 3080 ratitcr
275 3017 501 3079 constituantur.
517 3017 574 3081 Sed
593 3023 689 3103 orcaqis
703 3023 777 3106 quid
793 3022 920 3106 sinqutis
936 3025 1165 3104 permittendum

150 3123 262 3188 perse,
282 3113 336 3167 aut
344 3103 505 3186 parochus,
524 3123 576 3167 sen
589 3108 786 3188 confessarius
799 3111 855 3175 sibi
864 3109 1073 3180 decernendum
1082 3120 1166 3194 patet

119 3224 123 3229 ⁷
151 3193 343 3274 (loquiturde
355 3191 508 3271 Episcopo)
528 3213 536 3252 c
559 3190 691 3277 illudque
710 3197 831 3260 omnino
848 3196 1022 3278 provideat,
1036 3206 1164 3259 utnerno

153 3281 172 3337 a
199 3299 282 3342 sacro
298 3277 448 3355 conuiuio,
472 3280 531 3341 siue
554 3277 743 3364 frequenter,
763 3284 824 3346 sire
845 3283 974 3364 quotidie
996 3284 1164 3361 annuant,

154 3361 325 3440 repellatur.
913 3374 915 3378 “

193 3460 327 3551 Denique
347 3463 533 3525 concluditur
554 3466 635 3543 qudd
647 3467 807 3549 Episcopi,
820 3469 873 3532 66ἰ
889 3469 966 3550 oiqct
991 3467 1164 3551 dujccsncodi

156 3533 267 3596 devotio
282 3543 323 3615 (id
339 3554 383 3602 ast
395 3564 465 3605 usus
477 3549 640 3626 frequentis
652 3555 897 3635 communionis),
906 3573 963 3636 pro
978 3551 1035 3615 itta
1047 3555 1163 3638 qratias
