2450 3975
196 209 268 289 Cap.
282 208 312 268 2.
327 207 371 269 De
386 204 510 289 subjecto
521 204 729 269 Eucharistiae.
742 206 821 269 Duo.
836 207 867 268 2.
883 209 950 269 Art.
966 210 997 269 7.
1061 210 1096 271 st

93 307 236 371 Durand.
253 306 335 389 apud
355 308 439 369 Cont.
459 310 572 369 Toum.
590 324 657 386 eap.
675 308 706 367 8.
725 305 815 367 conci.
834 310 865 369 5.
884 326 913 368 a.
928 304 1099 389 Affirmant.

92 395 187 472 quue
208 394 355 471 probant,
372 396 440 451 ticm
455 410 492 451 ex
509 394 550 451 D.
562 393 792 471 demonstrem.
804 394 852 451 tt.
866 390 990 455 devoro.
1003 400 1098 473 oport.

92 478 167 537 ubi:
183 479 254 538 Nou
267 474 418 558 justificat
436 476 536 555 (Deus)
552 493 613 536 non
629 475 718 555 quasi
730 475 922 553 dormientes,
936 496 997 538 nou
1011 477 1103 559 quasi

91 570 126 623 ut
144 581 206 623 non
225 580 373 630 conemur,
393 580 454 621 uon
469 559 559 640 quasi
573 570 680 621 utnon
699 557 832 621 uelimus.
849 561 909 636 Qui
920 558 988 639 fcerit
999 571 1025 623 te
1037 564 1101 623 siue

92 656 136 715 te,
147 665 210 707 non
226 655 254 707 te
267 643 418 727 justificat
435 646 498 706 sine
516 653 553 704 te.
569 644 646 705 Tium
666 656 788 725 propter
802 646 1010 724 experientiam
1020 690 1029 718 ,
1041 649 1099 725 qud

91 733 287 792 observantur
298 732 398 809 plures
411 728 573 789 sacerdotes
590 731 723 808 quotidie
736 730 884 792 celebrare
900 731 930 789 in
944 739 1020 789 stetu
1033 750 1100 811 gro·

88 819 158 889 tice,
181 826 213 877 ct
235 825 337 875 tomen
357 814 433 875 nihil
456 814 609 893 proficere.
632 816 688 875 Sed
709 815 759 875 clii
782 812 969 875 communitis
991 814 1098 891 ajunt,

89 903 179 961 ratem
192 918 255 961 non
268 900 379 979 privari
393 901 474 960 omni
489 901 584 959 fructu
596 944 604 970 ‚
618 902 752 960 utSuar.
762 899 793 961 d.
805 902 854 961 65.
869 908 938 961 sect.
950 901 980 959 5.
995 901 1098 976 Gonet,

88 984 168 1067 drep.
181 986 213 1045 8.
238 992 299 1044 art.
315 986 344 1045 5.
363 987 474 1045 Tourn.
485 980 577 1045 Prot.
595 982 682 1045 theol.
699 984 735 1044 de
747 983 841 1045 Euris.
856 1002 907 1063 qu.
921 987 948 1044 7.
965 981 1055 1044 conci.
1069 986 1099 1043 5.

87 1089 117 1130 υ.
134 1072 237 1145 Quaer.
254 1072 283 1129 t.
298 1088 325 1129 r.
339 1071 369 1129 5.
386 1071 469 1149 Lupo
481 1066 511 1129 d.
525 1070 574 1129 tt.
587 1088 621 1129 n.
636 1071 686 1129 56.
699 1088 766 1129 cum
774 1066 875 1148 Syluio
886 1113 894 1140 ‚
905 1072 992 1145 Soto,
1008 1072 1097 1150 Vasa.

87 1153 159 1217 tut
174 1162 205 1215 et
224 1150 294 1215 otiu’s
313 1153 507 1215 communiter
519 1163 553 1213 ut
570 1156 684 1214 asserit.
704 1157 765 1215 Nea
784 1154 1002 1225 dubitandum,
1025 1156 1099 1233 quin

86 1242 131 1301 tt.
149 1237 278 1300 Thomas
292 1240 451 1299 mutaverit
466 1240 642 1297 sententiam
656 1239 688 1298 in
705 1241 735 1297 5.
749 1258 781 1317 p.
791 1240 880 1317 pto.
893 1258 924 1297 a.
939 1241 968 1298 8.
982 1239 1033 1298 ubi
1048 1256 1099 1299 ex·

86 1322 190 1403 pressi
210 1324 317 1395 docet,
330 1323 429 1401 quod,
442 1321 511 1382 lieet
528 1322 578 1400 qui
599 1324 798 1382 communicat
819 1342 886 1381 cum
909 1322 1015 1382 veniali
1028 1340 1100 1383 con·

87 1406 250 1469 comitante
262 1408 520 1479 communionem,
534 1425 564 1465 v.
576 1425 623 1485 gr.
637 1425 705 1466 cum
717 1408 881 1470 voluntario
894 1406 1099 1478 distractione,

87 1510 150 1553 non
158 1492 284 1569 recipiat
292 1493 436 1551 actualem
447 1492 636 1551 reiectionem
646 1491 990 1569 spiritualisdulcedinis,
1000 1500 1099 1551 tamen

64 1594 72 1609 ·
85 1578 195 1656 recipit
208 1584 400 1657 aupnreutum
410 1574 572 1641 habitualis
582 1577 706 1657 pratia,
719 1573 766 1637 vei
780 1575 944 1639 charitatis.
954 1579 1021 1637 Hoec
1032 1594 1099 1636 sen-

86 1663 182 1723 tentia
203 1672 249 1721 est
269 1663 390 1739 quidem
403 1660 491 1741 longi
504 1663 708 1736 communior,
720 1662 773 1723 sed
792 1664 888 1740 prima
904 1680 966 1723 non
981 1662 1102 1723 videtur

85 1747 305 1827 improbabilis.

466 1944 674 2008 atticotos
690 1946 729 2008 11.

243 2143 333 2240 Quae
349 2143 557 2244 requiratur
572 2145 759 2247 dispositio
775 2119 969 2248 corporis?

84 2356 130 2408 mr
150 2357 197 2408 Aa
207 2351 328 2420 pottutto
338 2391 346 2418 ,
358 2357 383 2406 et
394 2357 474 2406 actur
485 2353 806 2422 eoujupottr'r'mpetttaut
820 2355 1066 2411 dcommuuioue?

83 2429 133 2481 212
150 2425 326 2551 Qpazaopid
336 2425 491 2494 ripollutio
506 2427 593 2495 [uerit
609 2427 845 2482 uotuntartatttt
856 2429 1097 2498 quidriinooiun·

85 2581 134 2632 tta
151 2581 207 2646 Qu.
221 2583 258 2630 rt.
271 2555 428 2648 Aneemper
444 2581 480 2633 eit
499 2580 607 2636 oeniote
617 2582 745 2638 accedere
760 2583 798 2637 ad
809 2583 1016 2638 Eucharistiam
1032 2590 1098 2652 poet

185 2651 315 2720 copulam
326 2653 524 2722 conjugatem?

83 2735 134 2788 277
151 2735 207 2800 Qu.
219 2736 272 2786 111.
286 2739 329 2784 An
345 2734 452 2801 eonjue
461 2733 577 2789 reddens
588 2732 710 2787 debitum
727 2738 854 2788 teneatur
864 2735 897 2788 ed
907 2734 950 2790 die
961 2737 1097 2794 abstinere

184 2804 204 2859 ci
221 2805 437 2860 commuuione?

83 2894 133 2950 275
148 2897 194 2947 An
206 2892 321 2946 macuta
337 2899 472 2955 caterua,
485 2899 516 2947 ut
529 2891 621 2962 lepra,
641 2899 691 2955 etc.
714 2895 874 2963 impediatd
887 2901 1095 2962 communione,

184 2971 209 3020 et
222 2981 260 3019 an
272 2966 292 3020 d
303 2966 511 3020 celebratione?
523 2972 567 3020 An
576 2969 797 3022 menstruanus
815 2968 884 3025 latio
896 2973 1064 3026 armorum?

83 3048 134 3102 rto
149 3051 195 3132 An
214 3049 347 3175 paperdpr
370 3049 577 3103 communicant
600 3056 683 3104 entra
702 3049 816 3104 miscam
835 3051 1097 3106 marocenorum

181 3135 212 3174 en
233 3137 252 3174 a
265 3136 299 3174 ur

78 3200 132 3253 ’777
149 3200 307 3270 Dejejunio
318 3201 448 3254 naturali
460 3201 498 3256 ad
518 3204 737 3257 communionem
754 3204 958 3272 praeequutto.

82 3290 133 3342 278
149 3291 277 3342 hauet.
289 3292 313 3342 t.
333 3289 384 3342 hoo
400 3301 459 3342 uon
476 3303 531 3343 erte
542 3291 575 3343 de
592 3298 731 3358 precepto
743 3292 846 3344 diuino.
861 3295 984 3344 Manat.
997 3293 1023 3344 Ξ.
1038 3305 1096 3347 non

183 3361 249 3414 dari
265 3361 297 3414 in
307 3375 337 3414 eo
348 3363 518 3430 parvitatem
534 3365 669 3417 materia.
680 3368 802 3418 Pranot.
817 3366 842 3414 5.
862 3364 920 3416 tria
932 3365 1038 3432 requiri
1058 3369 1097 3420 ad

183 3433 346 3488 soluendum
363 3436 414 3489 icoo
423 3435 579 3503 jejunium,
592 3452 626 3491 ea
639 3436 727 3490 tribur
738 3435 860 3504 repulia,
872 3436 1016 3491 uidelicet.-

82 3523 131 3580 279
149 3521 262 3590 Reputo
273 3526 294 3574 7.
315 3526 347 3575 uc
367 3539 411 3578 rec
422 3531 551 3578 comatur
573 3525 609 3578 ab
626 3524 791 3577 extrinseco.
805 3523 875 3578 Duo.
887 3529 910 3578 1.
925 3530 968 3579 Au
979 3529 1096 3598 frangat

178 3594 325 3663 jeiunium
338 3597 501 3652 voluntaria
525 3597 653 3665 trajectio
674 3596 858 3665 reliquiarum
880 3598 956 3652 citi?
976 3603 1049 3655 Duo.
1068 3604 1096 3654 2.
