2450 3975
139 172 196 234 tce
380 166 444 229 Lei.
458 168 487 228 6.
506 168 601 228 11661.
618 167 649 227 1.
663 168 708 227 De
715 163 900 247 penitentie.

140 272 337 343 1111166666,
352 289 387 332 oc
404 266 462 330 otii
477 265 709 351 6666861666
726 268 828 347 ponit.
843 286 869 328 c.
880 270 911 329 8.
923 285 957 350 p.
970 270 1002 329 o.
1017 290 1049 331 6.
1070 274 1152 345 tto,

141 356 264 417 nimium
280 362 388 435 putent
400 352 572 415 diletionem
588 353 692 431 bidui,
706 353 754 412 vel
767 352 871 413 tridui.
889 353 943 413 1v.
957 355 988 414 Si
1010 356 1155 418 credetur

141 441 274 519 complex
291 441 410 503 cessisse
424 435 487 519 juri
505 456 565 499 sue
583 438 688 509 famo,
703 436 774 515 putl
788 438 814 498 ei
828 436 919 498 netu
934 442 1071 517 peccavit
1084 462 1154 505 eum

141 540 256 597 sorore,
275 542 366 604 quem
388 524 442 585 ecit
455 522 570 603 sejungi
585 539 647 583 nou
663 521 781 600 posset
801 522 943 583 comitutu
966 527 1097 599 metris,
1120 537 1155 588 ut

140 606 233 669 elium
255 608 340 671 66661
357 608 576 669 confesserium.
589 608 681 668 11666.
704 602 757 667 foe.
778 606 828 667 cit.
846 606 886 666 V.
902 606 933 666 Si
952 607 1043 668 elicui
1064 612 1154 674 solito

141 694 276 771 quotidie
288 692 434 755 6616116666
446 693 494 754 vel
510 693 850 769 commeruimre,greve
862 697 937 751 esset
948 694 1153 757 omittereoe·
1203 741 1204 746 1

142 776 349 849 lebretionem,
363 778 410 839 vel
424 775 676 838 communionem.
686 777 769 855 Lupo
779 772 812 834 6.
822 774 961 835 lunum
974 779 1046 839 116.
1058 781 1152 842 Vnst
1202 750 1205 856 1

142 862 209 940 quis
227 863 383 923 difficulter
394 862 478 922 elteri
493 859 582 939 quim
594 870 733 921 consueto
747 859 922 920 confessario
938 864 1153 929 conscientiam
1200 864 1205 909 1

141 946 279 1023 operiret.
294 948 385 1009 11666.
401 944 443 1008 16.
459 946 526 1005 Vll.
540 946 570 1005 Si
583 944 653 1005 eliis
668 945 834 1023 privaretur
840 942 973 1021 jubilei,
987 948 1036 1009 vel
1049 950 1153 1012 indul-

141 1030 247 1107 gentie
270 1030 424 1093 66666616.
445 1029 541 1093 ilenti
560 1027 582 1089 1.
597 1047 623 1091 6.
640 1047 707 1090 rum
725 1026 864 1101 Cotonio,
883 1036 914 1089 et
932 1032 1074 1113 Fopuncl.
1099 1057 1152 1117 op.

141 1114 223 1193 Lupo
233 1112 265 1177 6.
276 1133 308 1177 n.
322 1117 392 1177 tto.
404 1116 484 1177 Vlll.
498 1112 581 1195 Scupi
601 1122 777 1175 excusentur
794 1121 903 1173 metros
916 1120 947 1174 et
965 1134 1076 1179 uxores
1088 1140 1151 1181 me·

142 1198 312 1263 uilestontes
330 1210 446 1280 peccate
463 1200 596 1261 illiorum
619 1208 650 1259 et
670 1200 803 1258 virorum
822 1200 996 1260 confessario
1014 1206 1068 1281 qui
1095 1205 1153 1269 hoc
1203 1239 1205 1264 τ

143 1285 244 1363 novit3
259 1286 290 1347 id
309 1287 391 1349 enim
412 1286 610 1347 communiter
622 1282 731 1345 1661661
743 1281 782 1342 66
798 1284 953 1343 consilium
965 1289 1149 1364 petendum,

144 1370 238 1429 velud
256 1371 426 1431 leniendum
444 1370 594 1444 dolorcru;
608 1368 743 1446 alioquin
757 1367 828 1444 ipsis
844 1368 933 1429 nimis
949 1370 1061 1432 durum
1073 1376 1151 1438 foret

143 1470 235 1514 noros
253 1456 442 1516 confessarios
470 1454 563 1513 edire.
588 1448 763 1515 6661616.
779 1469 816 1531 p.
832 1454 862 1513 2.
883 1470 917 1511 n.
939 1455 1027 1515 1115.
1050 1460 1104 1519 lx.
1120 1464 1149 1522 Si

142 1537 207 1617 quis
224 1548 345 1619 propter
358 1538 606 1609 consolationem,
622 1556 712 1616 quom
724 1538 815 1598 scutit
829 1536 867 1595 eb
885 1538 980 1597 emico
991 1541 1039 1599 vel
1063 1543 1150 1603 docto
1203 1539 1205 1620 ξ

143 1622 334 1697 confessario,
349 1624 442 1685 uollet
462 1622 554 1682 elium
573 1640 722 1701 querere,
740 1619 809 1681 cum
829 1621 928 1699 plures
941 1624 1005 1681 DI).
1020 1634 1056 1685 61
1066 1628 1150 1689 Nou.
1203 1635 1205 1706 ζ

141 1708 221 1769 Lete.
238 1708 338 1783 Azor,
356 1707 461 1791 cajo,
473 1715 501 1769 61
516 1710 614 1770 Tuon.
626 1704 703 1786 (uide
715 1703 828 1768 616161.
841 1708 872 1767 1.
885 1725 918 1766 6.
930 1708 1000 1768 1175.
1012 1728 1042 1770 6.
1068 1712 1148 1789 Sed),
1203 1716 1205 1766 t

142 1795 243 1856 dicent
260 1812 320 1857 uon
341 1812 403 1856 esse
418 1792 485 1875 pleis
501 1792 590 1873 quim
612 1793 725 1854 veniale
742 1792 928 1853 manifestere
947 1796 1063 1856 crimen
1079 1816 1150 1876 pro
1203 1795 1205 1884 ᾗ

143 1878 214 1938 ximi
229 1878 282 1937 uni
293 1880 339 1939 vel
349 1879 435 1939 elteri
452 1880 518 1939 viro
533 1878 645 1955 probo;
660 1878 740 1952 unde
750 1878 792 1937 eit
807 1876 921 1949 Tamtu,
934 1880 1004 1940 satis
1016 1885 1150 1947 excusari

143 1958 180 2024 eb
198 1958 369 2036 hujusmodi
389 1964 475 2041 culpo
496 1964 623 2036 veniali,
640 1964 693 2041 qui
715 1963 754 2024 oh
774 1963 923 2042 prefetem
950 1983 1069 2028 censam
1091 1970 1149 2032 cri·
1203 1975 1204 2045 ζ

142 2049 210 2110 meu
230 2047 380 2128 complicis
399 2047 508 2126 cogniti
528 2049 703 2110 confessario
728 2049 868 2127 prudenti.
884 2051 1070 2129 patefaceret.
1203 2052 1204 2133 Q

180 2134 249 2195 191.
267 2130 372 2194 -llic
387 2142 486 2194 eutem
502 2132 605 2194 seduli
625 2133 803 2194 advertenda
822 2143 867 2194 est
882 2135 964 2195 bulle
981 2138 1024 2198 N.
1040 2141 1095 2202 SS.
1109 2145 1146 2204 P.
1203 2146 1204 2191 f

142 2215 250 2280 Bened.
263 2219 355 2282 XIV.
370 2218 532 2299 incipiens,
551 2217 610 2281 Ubi
622 2216 755 2308 primum
774 2239 865 2300 quom
882 2222 1013 2298 reperies
1034 2224 1068 2285 in
1087 2225 1149 2306 {inc
1203 2250 1204 2255 ¹

144 2305 267 2386 Operis,
287 2303 368 2366 decr.
380 2307 432 2366 tv.
446 2305 645 2368 ubi‘Pontifex
656 2304 787 2384 rigorose
801 2305 938 2385 prohibet
949 2309 1147 2386 confessariis,
1203 2294 1205 2386 1

143 2407 181 2450 ne
198 2388 354 2467 exquirent
373 2387 390 2450 6
409 2391 622 2467 poenitentibus
647 2407 756 2449 nomen
783 2391 933 2467 complicis
954 2396 1079 2470 peccati.
1102 2399 1147 2459 lbi
1203 2394 1204 2477 ξ

142 2474 223 2536 enim
236 2472 363 2536 menime
382 2475 543 2536 detestetur
559 2475 676 2554 proxim
687 2473 828 2546 illorum,
844 2474 900 2555 qui
913 2477 933 2534 6
939 2479 1149 2557 poenitentibus
1203 2496 1205 2538 t

142 2557 242 2637 (verba
252 2557 351 2636 66116)
365 2555 511 2640 complicis
520 2576 626 2620 nomen
636 2557 840 2639 exquirerent,
853 2567 941 2639 utque
953 2559 994 2622 66
1007 2559 1149 2628 11166661

129 2639 346 2716 revelandum,
361 2663 422 2704 non
442 2641 576 2705 inducere
595 2643 682 2705 motii
700 2641 855 2704 6666166616.
866 2654 1065 2720 conarentur,
1079 2649 1145 2728 666,

142 2725 221 2807 quoti
236 2725 435 2790 detestabilius
458 2737 514 2806 est,
536 2727 713 2788 denuntiato
735 2745 867 2807 quoque,
889 2729 950 2790 nisi
966 2728 1145 2808 revelarent,
1203 2748 1204 2781 ³

142 2805 334 2872 absolutionis
341 2812 566 2874 sacramentalis
574 2811 727 2894 nepotiane
734 2857 744 2889 ,
755 2810 880 2893 prorsus
892 2811 1045 2895 6111666661
1060 2825 1148 2895 utque

142 2891 352 2976 compellerent.
375 2896 488 2956 Deinde
517 2899 651 2956 Pontifex
678 2897 965 2958 contmvenicutibus
991 2911 1148 2977 sequentes
1203 2904 1204 2907 ’

142 2998 241 3063 poenes
253 2979 396 3056 imponit,
407 2979 521 3038 dicens=
533 2982 699 3042 statuentes
710 2981 879 3062 imuper...‚
888 2988 922 3041 ut
933 2983 1145 3064 quicumque...

142 3081 270 3128 66666...
281 3061 375 3142 suerit
391 3061 489 3124 666166
506 3061 620 3124 licitam
636 3083 696 3126 6666
716 3065 886 3146 hujusmodi
900 3064 1025 3147 proxim
1035 3112 1044 3140 ,
1054 3077 1147 3149 prout

142 3171 176 3214 66
190 3148 225 3210 in
245 3145 338 3209 refoto
350 3155 449 3208 nostro
461 3148 586 3217 116661...
599 3148 792 3229 reprobetur,
810 3146 856 3209 661
866 3149 987 3228 scobere
1001 3160 1057 3213 out
1066 3150 1148 3234 toqui
1203 3216 1204 3219 ,

141 3234 361 3318 presumpserit
366 3234 399 3294 16
410 3231 538 3312 ejusdem
549 3231 699 3295 damnato
709 3235 815 3316 666616
827 3233 1043 3316 desectionem
1052 3235 1099 3297 eei
1112 3257 1146 3299 66
1203 3254 1204 3257 ’

141 3337 208 3396 qum
226 3317 260 3376 in
278 3317 355 3378 611616
373 3319 465 3378 Brevi
482 3325 583 3378 coreno
596 3317 726 3381 eumdem
736 3319 860 3398 proxim
876 3317 991 3379 decreto
1005 3329 1080 3381 sunt
1090 3323 1145 3384 im·
1203 3346 1204 3353 ¹

137 3417 292 3474 pupoorc,
311 3407 366 3457 out
384 3399 417 3458 iu
440 3397 551 3460 6116666
565 3415 667 3460 sensus
688 3403 792 3462 temeri
807 3401 975 3482 detorquere
992 3420 1045 3464 ceu
1061 3405 1146 3467 inter·

136 3477 252 3564 pretori
263 3500 271 3551 3
282 3479 396 3539 incidat
406 3483 470 3560 ipso
486 3482 565 3562 facto
578 3485 611 3543 iu
623 3486 965 3562 excommunicationem,
981 3488 1075 3568 6666
1087 3508 1147 3551 non
1203 3480 1205 3510 ⁵

137 3561 267 3626 posset...
279 3558 373 3617 61616
394 3563 479 3623 notis
497 3563 619 3626 6666161.
643 3567 777 3643 Loquens
790 3578 890 3629 eutem
907 3569 945 3629 de
963 3573 1145 3637 confossor-iis
