2450 3975
216 196 286 281 Cap.
300 196 329 259 5.
340 195 385 258 Dc
394 191 524 258 Ειιιιιιι.
536 198 572 257 ut
582 199 625 257 etl
634 188 820 276 sacrificium.
835 194 914 261 Dub.
929 197 958 259 5.
1033 199 1086 260 l8l

88 302 220 377 ιιιιιιιιι,
244 317 280 360 ιιι
295 296 457 361 sacerdotes
473 296 563 370 ultis,
579 298 670 378 eadm
687 296 791 359 debitis
811 296 892 360 boris
910 296 1086 361 celebrent...

86 382 332 446 nonobstantibus
349 378 517 463 priuilcpe‘ia
527 380 813 526 quibuscumpuenlt
828 391 936 461 negant
948 381 1091 464 Wipaudt

87 476 107 529 t.
120 471 165 531 45.
175 486 209 529 ιι.
224 470 254 529 5.
265 468 348 549 Lupo
365 464 439 528 itit.
449 484 516 527 ιιιιιι
527 464 650 545 Radriq.
662 468 703 526 Su
715 483 762 540 aa,
776 463 895 543 Dieuc,
905 474 933 527 ιι
942 464 1010 527 eliis
1017 463 1092 547 plu·

85 554 178 632 utu,
194 562 225 615 ct
232 552 265 613 id
276 551 430 633 probabile
443 559 528 632 putat
539 547 704 633 Raaccplt'a
716 570 742 613 c.
756 551 786 610 5.
804 561 835 631 q.
851 552 882 611 8.
897 570 963 612 cum
982 549 1086 613 Tamb.

85 640 179 717 Ratio,
192 638 264 719 quia
287 635 497 698 tridentinum
519 636 561 697 ibi
578 636 695 699 tantdm
711 638 840 715 imponit
866 636 1036 715 Episcopis,
1055 643 1090 696 ut
1149 675 1152 681 -

85 724 215 802 predicta
233 731 339 785 curent
348 722 497 783 observari
509 740 519 799 3
532 720 604 801 ergb
622 722 675 782 ubi
687 722 821 801 Episcopi
838 738 900 783 non
910 728 1089 800 repugnant,

84 826 140 871 non
152 817 261 871 estcnr
277 808 428 887 regulares
442 806 502 866 suis
520 806 683 885 privilegiis
701 806 760 866 frui
781 816 940 886 nequeant.
955 806 1013 867 Sed
1036 805 1092 867 hoc

83 895 305 963 nonobstante,
322 894 489 971 oppositum
505 889 629 952 omninb
648 891 810 952 tenendum
834 910 871 953 ex
891 892 1009 953 decreto
1029 887 1092 951 Cle-

19 987 20 1058 2
81 978 181 1041 ιιιιιιίι
189 982 253 1041 XI.
270 978 351 1039 edito
363 979 402 1037 45
413 975 553 1037 Decemb.
566 976 655 1035 4705.
670 976 713 1053 (in
733 984 887 1037 extensum
900 976 993 1037 relato
1010 972 1092 1053 apud

19 1075 20 1138 ,
84 1063 169 1125 droia
186 1084 222 1125 ιι.
243 1061 326 1140 958.)
344 1062 397 1122 ubi
422 1060 559 1124 Pontifex
581 1060 710 1121 declarat
728 1061 883 1141 privilegia
905 1060 1092 1142 regularibus

19 1141 20 1206 l
82 1164 212 1210 concessa
229 1148 308 1209 circa
325 1147 482 1207 missarum
497 1145 724 1221 celebrationem
739 1144 861 1205 omnind
879 1155 1013 1207 revocata
1030 1161 1092 1205 esse

80 1252 132 1312 per
144 1234 252 1295 concil.
263 1232 347 1293 Trid.
357 1232 389 1291 in
405 1229 477 1291 dict.
492 1231 611 1291 decreto
625 1246 694 1291 sese.
707 1232 756 1291 99.
772 1247 838 1326 cop.
853 1231 933 1290 unic.
947 1232 1092 1307 thuam·

19 1389 20 1392 Ἴ
80 1318 123 1378 vis
135 1316 267 1378 Clemens
280 1317 322 1376 ibi
334 1314 452 1377 tantum
472 1317 612 1394 loquatur
629 1314 666 1373 de
679 1314 834 1393 privilegio
851 1314 951 1373 altaris
969 1314 1093 1393 portati·
1203 1348 1208 1359 ·

19 1395 23 1450 l
80 1400 134 1475 lis,
147 1411 249 1464 tamen
261 1399 317 1461 hire
332 1401 530 1461 declaratione
545 1399 742 1479 proculdubio
753 1398 882 1459 ostendit
892 1400 1003 1479 pariter
1012 1414 1093 1458 revo-

21 1540 23 1555 .
82 1495 176 1548 tatum
190 1505 254 1547 esse
270 1486 462 1566 privilegium
484 1484 652 1547 celebrandi
669 1493 749 1544 extra
767 1483 880 1545 debitas
898 1483 1002 1556 horas,
1019 1502 1092 1561 quas

21 1595 24 1633 ι
79 1574 238 1633 concilium
258 1570 392 1649 expresse
406 1572 517 1631 servari
539 1570 627 1648 jubet
646 1569 684 1629 ab
703 1569 842 1629 omnibus
868 1569 1091 1647 sacerdotibus3
1117 1620 1123 1637 ,

21 1655 24 1668 ”
80 1658 336 1719 nonobstantibus
351 1656 397 1733 (ut
415 1653 515 1733 snpra)
530 1655 693 1732 privilegiis
703 1655 949 1734 quibuscumque.

88 1769 92 1780 ‹
117 1744 187 1803 545,
205 1773 245 1786 -.
263 1741 380 1810 altirei,
397 1738 656 1816 ordinarit,quia
675 1748 859 1799 antevertere
878 1740 946 1801 licet
967 1756 1093 1820 sequen-

81 1851 96 1881 s
118 1828 202 1887 tibus
223 1822 357 1895 casibus,
372 1823 526 1900 inquibus
542 1824 634 1884 etiam
650 1821 738 1901 paulb
754 1830 820 1901 post
837 1825 1010 1900 meridiem,
1020 1844 1090 1907 ug.

81 1934 95 1964 ι
116 1928 182 1970 uno
192 1953 202 1982 ,
214 1908 263 1967 vel
275 1908 369 1967 altero
382 1907 563 1985 quadrante,
574 1906 706 1969 inchoari
721 1914 833 1985 potest,
844 1918 878 1971 ut
889 1911 977 1972 etiam
988 1930 1094 1973 sccun-

82 2019 96 2050 ι
116 1995 193 2058 dum
208 1995 272 2055 Sot.
285 2001 314 2054 ct
324 1991 394 2055 Pol.
409 2012 446 2054 cx
458 1995 560 2072 quavis
578 1994 746 2056 rationabili
758 2014 859 2070 cause,
873 2015 902 2058 r.
920 2016 950 2077 g.
967 1999 1006 2060 ob
1021 2016 1094 2078 sup·

24 2084 28 2093 '
82 2081 334 2158 aplicationcm,
359 2078 408 2138 vel
435 2081 606 2141 concionem
630 2080 778 2159 publicem
806 2092 986 2160 protractam
1012 2085 1092 2144 ultra
1181 2137 1184 2142 ,

24 2166 27 2177 “
83 2186 97 2216 ι
116 2163 292 2236 meridiem,
312 2163 351 2225 ob
372 2163 462 2223 funus
480 2165 641 2242 Principis,
657 2167 704 2226 vel
727 2167 796 2244 qnia
809 2167 943 2228 sacerdos
957 2168 1006 2226 die
1017 2167 1092 2226 icsto

24 2260 25 2269 ¹
83 2270 97 2302 ι
118 2257 243 2327 propter
261 2247 319 2308 iter
337 2248 395 2308 tuit
413 2247 589 2327 impeditus,
609 2268 670 2327 quo
691 2269 759 2311 casu
780 2251 869 2311 etiam
890 2250 1003 2328 integral
1019 2249 1093 2312 hore

83 2354 98 2387 a
118 2342 185 2411 post
204 2331 294 2394 licere
309 2330 450 2393 inchoare
467 2332 580 2395 dicurt.
588 2332 660 2395 Vide
673 2337 779 2412 Loym.
796 2331 817 2393 l.
831 2353 855 2394 c.
871 2337 939 2395 Fer.
956 2333 1003 2394 lale
1018 2353 1045 2396 c.
1060 2336 1090 2395 5.

123 2440 137 2469 a
157 2419 187 2478 l.
209 2419 244 2476 ln
266 2418 459 2497 necessitate,
476 2435 508 2477 v.
527 2436 558 2496 g.
583 2427 619 2476 ut
641 2421 789 2478 morituro
810 2419 899 2478 detur
921 2419 1090 2490 viaticum,

83 2524 98 2556 ι
120 2520 180 2581 qno
190 2521 261 2563 casu
273 2503 363 2564 licere
375 2502 473 2562 medid
486 2511 572 2563 nocte
583 2502 747 2574 celebrare,
760 2503 801 2563 ait
810 2504 915 2564 Diana
923 2520 957 2582 p.
967 2505 996 2562 l.
1008 2510 1030 2562 t.
1043 2505 1089 2563 44.

83 2607 98 2640 a
119 2604 145 2646 r.
161 2589 214 2648 55.
233 2604 270 2648 ce
284 2589 391 2666 leym.
408 2592 462 2646 ιιι.
478 2586 557 2664 (cum
571 2588 655 2666 Lupo
670 2585 747 2665 disp.
765 2589 813 2645 90.
828 2605 862 2644 ιι.
882 2587 932 2644 95.
951 2592 981 2644 ιι
996 2583 1089 2648 actm.

83 2691 98 2722 o
120 2677 158 2730 tr.
179 2672 213 2732 5.
231 2689 256 2731 ι.
276 2671 306 2730 4.
321 2688 357 2750 p.
378 2671 407 2730 l.
428 2687 461 2730 ιι.
481 2670 532 2731 97.
551 2687 619 2730 cum
639 2671 730 2748 Vaaq.
748 2667 820 2731 Pol.
840 2666 907 2729 Dic.
925 2670 1017 2730 Haut.
1036 2679 1090 2734 cte.

83 2777 98 2808 r
119 2753 335 2832 communiter).

123 2860 139 2891 ι
157 2842 190 2901 9.
206 2839 262 2901 Ubi
275 2846 321 2900 est
333 2858 397 2901 mos
406 2839 607 2918 rationabilis,
619 2847 654 2902 ut
667 2838 785 2920 opifices
796 2883 804 2913 ,
815 2849 845 2902 ct
857 2840 960 2902 famuli
973 2860 1091 2906 summo

83 2941 99 2974 ι
120 2921 208 2984 mane
227 2926 341 3004 possint
358 2925 462 2986 audire
478 2943 604 2987 sacrum
622 2928 729 3006 Lapa.
746 2922 768 2987 Ι.
788 2929 817 2990 5.
835 2933 858 2988 ι.
873 2929 902 2988 5.
918 2943 944 2988 ι.
962 2929 993 2988 4.
1010 2947 1042 2989 ιι.
1058 2929 1088 2990 5.

67 3027 99 3058 -e
120 3025 156 3069 ee
170 3009 253 3070 Neo.
276 3018 329 3070 etc.
348 3009 437 3090 (victe
452 3010 547 3070 Dion.
562 3029 596 3090 p.
617 3013 647 3072 9.
667 3019 690 3072 ι.
710 3013 758 3075 ll.
777 3030 805 3074 r.
827 3011 890 3092 54.)
908 3030 971 3075 nou
990 3021 1090 3074 tamen

84 3112 101 3146 a
121 3092 232 3155 idcircb
249 3103 317 3174 post
337 3095 495 3156 meridiem
514 3096 625 3158 licebit.

126 3200 142 3230 ι
160 3180 192 3238 5.
208 3181 252 3239 Ex
271 3180 447 3259 privilegio,
466 3180 583 3260 dequo
601 3181 702 3262 suprd.

127 3286 142 3317 ι
159 3265 191 3324 4.
208 3266 245 3324 ln
262 3274 350 3327 nocte
365 3266 554 3340 Nativitatis,
573 3268 609 3327 in
624 3287 682 3346 qua
701 3283 804 3330 omnes
823 3272 883 3326 tres
900 3263 1003 3324 missas
1022 3273 1090 3330 ante

86 3368 100 3400 ι
122 3363 260 3409 auroram
269 3349 327 3410 dici
336 3367 438 3429 posse,
449 3351 644 3430 probabiliter
653 3353 892 3421 doecntSuerez,
905 3349 975 3408 Gon.
984 3349 1089 3429 copo.

86 3452 101 3483 ι
123 3431 218 3492 Dion.
230 3451 264 3513 p.
278 3435 309 3493 4.
324 3443 347 3494 ι.
362 3435 393 3494 4.
406 3453 434 3494 ι.
449 3438 519 3496 956.
530 3443 635 3496 contro
641 3431 722 3512 Sylo.
738 3437 827 3494 Ferae.
839 3439 868 3493 ct
880 3427 954 3492 alios
968 3457 981 3486 o
997 3433 1090 3518 (Lupo

23 3494 28 3593 l
88 3531 121 3576 ιι.
134 3517 184 3583 95.
197 3516 293 3577 Saltu.
308 3514 381 3580 ibid.
396 3537 430 3578 ιι.
444 3521 494 3580 96.
510 3538 577 3581 cum
588 3515 745 3596 Fopuud„
760 3523 788 3576 ιι
799 3515 934 3598 Neque.)

23 3610 26 3669 J
123 3601 243 3674 Quarcs
254 3645 262 3667 ,
274 3621 311 3663 aa
324 3602 410 3666 liceat
423 3604 456 3665 ia
471 3613 558 3665 nocte
567 3601 735 3665 Nativitatis
748 3601 866 3664 Domini
881 3604 978 3682 legere
988 3621 1090 3667 omncs

23 3698 26 3747 ι
129 3685 209 3747 Toou.
224 3688 278 3750 VI.
899 3689 937 3746 46
1046 3761 1048 3767 k
