2450 3975
380 234 476 299 Index
494 234 625 318 capitum
636 235 840 299 ttdubiorum.
1054 243 1116 305 475

216 340 369 415 minante,
385 336 414 398 si
422 336 462 398 sit
475 336 607 398 remisso.
617 333 779 398 Solvuntur
788 330 967 419 obJ'uotiouos,
980 338 1033 403 ott
1041 359 1114 423 pro·

218 424 325 499 batur,
342 421 649 483 amormuincluoatum
661 420 776 482 includi
789 422 824 482 in
841 424 1002 485 attritione.

97 513 159 575 445
180 512 239 654 Ωιῖ.
257 511 328 572 VII.
339 510 388 569 An
403 504 534 588 sufficiat
541 507 656 569 attritio
666 524 703 569 ιιι
715 515 794 568 matu
803 525 961 589 panarum
971 518 1111 593 tunpora·

229 612 302 655 uum.

97 682 158 743 444
179 679 237 756 Qu.
255 680 344 739 VIII.
360 678 408 737 Aa
426 684 643 736 sacromentum
660 675 840 757 pauitantia
857 675 951 758 possit
970 696 1030 741 esse
1050 673 1108 741 oli-

213 762 334 845 quundo
351 760 484 823 ualidum
497 770 525 820 et
531 760 670 841 insomne.

94 852 156 913 445
176 851 234 924 Qu.
247 849 307 908 IX.
321 850 370 908 Au
382 844 467 908 dolor
476 844 577 907 debeat
587 844 746 925 praecedere
762 844 803 907 ad
816 847 1037 991 consessionem.

94 936 155 996 446
177 934 234 1009 Qu.
248 933 291 993 X.
316 934 377 993 Per
391 936 539 1010 quantum
562 930 702 1011 temporis
723 939 806 992 actus
827 930 864 993 do
877 931 937 993 oris
958 930 1109 997 moraliter

233 1024 383 1076 orseaaret.

93 1104 154 1167 447
175 1034 233 1177 4)ιέ
256 1102 317 1161 XI.
335 1098 384 1159 Au
400 1098 545 1181 pauitans
566 1096 668 1159 debeat
682 1093 781 1159 aliosne
797 1106 895 1160 astum
909 1096 1020 1163 doloris
1040 1120 1106 1163 aum

210 1183 372 1245 intentione
387 1202 418 1245 so
433 1180 601 1261 confitendi.

95 1270 157 1333 448
178 1270 415 1346 Qu.X11.Au‚
438 1269 492 1347 qui
514 1266 671 1346 confitetur
692 1275 840 1347 peccatum
861 1265 984 1331 oblitum
1003 1271 1106 1333 statim

208 1362 275 1435 post
294 1350 522 1428 absolutionum,
542 1360 677 1411 teneatur
688 1370 795 1420 nouum
806 1351 905 1414 aliosne
919 1352 1057 1415 dolorem.

90 1440 152 1501 444)
173 1440 231 1516 Qu.
244 1439 341 1497 XIII.
369 1433 518 1512 Quomodo
532 1433 690 1497 eliciendus
715 1436 754 1497 sit
775 1434 858 1497 dolor
874 1438 908 1498 iu
927 1438 1104 1519 confossione

207 1519 380 1584 venialium.
405 1518 485 1582 Dub.
502 1522 531 1580 4.
552 1521 600 1580 Au
619 1520 660 1581 sit
675 1518 797 1581 mortale
819 1520 954 1601 coufitlni
975 1522 1104 1585 oouialia

209 1607 273 1669 sino
294 1602 357 1665 ullo
376 1603 483 1666 dolore.
498 1604 578 1666 Dub.
593 1607 624 1666 2.
636 1607 684 1666 Αιι
700 1606 733 1665 in
751 1604 930 1687 confossione
942 1605 1103 1667 venialium

207 1687 337 1771 sufficiat
356 1686 451 1750 dolere
470 1687 504 1750 de
520 1708 581 1751 uno
598 1697 713 1769 peccato
731 1688 795 1751 siue
817 1688 888 1751 alio.
906 1690 954 1750 An
975 1687 1104 1771 sufficiat

209 1772 304 1837 dolero
316 1772 352 1835 de
362 1772 532 1854 frequentia
540 1771 713 1835 venialium.

555 1939 581 2027 g.
596 1944 635 2003 11.

88 2121 134 2180 Do
146 2113 357 2198 quastionibus
368 2111 584 2192 pertinentibus
602 2111 640 2172 od
658 2113 869 2192 propositum?
958 2133 1028 2196 pap.
1041 2117 1097 2178 545

86 2285 148 2343 450
168 2285 224 2358 Qu.
239 2285 268 2344 Ι.
282 2282 330 2341 An
341 2276 472 2361 sufficiat
486 2279 674 2360 propositum
695 2277 823 2341 virtuale
833 2279 894 2340 siue
909 2278 1097 2360 implicitum.

50 2402 55 2409 -
87 2368 142 2426 454
167 2367 225 2440 Qu.
242 2369 287 2428 11.
304 2367 378 2440 Qua
395 2363 458 2424 sint
476 2361 655 2424 conditiones
672 2363 823 2444 requisita·
842 2364 883 2424 ad
907 2383 1009 2425 aarum
1031 2384 1100 2444 pro-

198 2450 342 2534 positum.
356 2451 399 2508 Et
410 2456 482 2509 suut
495 2450 523 2507 1.
541 2449 578 2507 Ut
596 2446 637 2506 sit
647 2447 780 2508 firmum.
797 2446 896 2522 Quid,
913 2449 942 2509 si
954 2449 1099 2528 poeuitens

202 2532 317 2610 mutat,
335 2534 411 2594 certo
428 2549 459 2592 so
480 2529 679 2610 relapsurum.
692 2533 739 2591 11.
757 2533 795 2591 Ut
806 2532 847 2592 sit
859 2533 1035 2593 universale.
1051 2535 1099 2594 Αιι

201 2617 373 2700 requiratur
381 2611 547 2677 uniuersale
553 2613 739 2696 propositum
748 2613 782 2676 do
790 2613 975 2679 mortalibus.
986 2619 1048 2679 III.
1062 2619 1101 2680 Ut

202 2700 245 2762 sit
258 2701 369 2762 efficax.

84 2788 145 2848 452
166 2785 222 2862 Qu.
235 2788 298 2848 III.
315 2783 465 2860 Quomodo
481 2802 511 2846 sa
525 2801 624 2864 peroro
634 2781 736 2845 debeat
748 2783 947 2863 confossurius
960 2803 1027 2846 aum
1043 2785 1095 2862 iis,

200 2872 255 2951 qui
274 2879 346 2932 suut
365 2872 399 2931 iu
420 2869 567 2932 occasions
589 2867 741 2949 pausandi.
766 2868 846 2931 Dub.
872 2872 902 2929 4.
931 2871 1097 2952 Quotuplou

201 2953 243 3015 sit
256 2953 385 3026 occasio,
407 2962 436 3015 st
454 2950 615 3035 quotuplex
634 2949 799 3035 periculum
819 2953 1019 3035 peccandi.Et
1031 2973 1097 3039 qum

200 3039 309 3099 occasio
322 3037 416 3099 uitari
427 3038 539 3101 debeat.

82 3125 144 3186 455
160 3121 241 3184 Dub.
255 3125 286 3184 2.
300 3124 349 3183 An
364 3124 459 3204 possit
475 3119 603 3198 absolui,
622 3123 677 3202 qui
692 3140 754 3184 uon
768 3120 833 3183 uult
846 3123 1096 3206 amoooreprobo·

199 3202 285 3268 bilem
302 3206 444 3286 peccandi
457 3205 647 3268 occasionem.

81 3295 142 3355 454
160 3287 242 3353 Dub.
265 3292 293 3354 5.
313 3292 381 3363 An,
398 3291 452 3371 qui
464 3299 507 3352 est
528 3291 562 3350 iu
581 3290 729 3352 occasions
741 3291 883 3376 proxima
902 3292 1093 3375 voluntario,

196 3372 293 3455 possit
310 3372 397 3436 semel
408 3370 454 3435 ool
471 3374 579 3435 iterum
592 3372 717 3438 absolui.
821 3401 825 3412 ¹

82 3463 142 3522 455
161 3456 243 3521 Dub.
259 3461 290 3518 4.
304 3460 353 3518 Aa
363 3458 478 3539 possint
489 3455 602 3520 absolui
611 3458 744 3537 quisunt
755 3461 788 3522 in
801 3462 1093 3542 occasiouopronimu
1209 3481 1218 3546 4⁴

199 3543 385 3603 necessario?
399 3540 561 3623 prasertim
574 3546 665 3603 causa
685 3563 747 3604 sua
768 3545 844 3605 ortis
857 3542 904 3604 uel
914 3543 1013 3624 officii.

83 3629 141 3690 456
160 3624 313 3688 Sententia
329 3626 540 3690 teumdaairca
551 3623 762 3692 absolutionem
773 3626 820 3690 us
830 3627 1032 3771 diligendam.

1215 3615 1218 3706 p
