2450 3975
369 251 621 335 1666666666
634 258 667 311 ct
674 249 840 313 6666666666
1057 253 1110 313 666

101 359 164 422 257
185 360 242 435 Qu.
258 360 303 418 tt
316 355 364 418 Au
375 358 451 437 ‚quei
469 352 753 452 postconscssioncm
772 352 941 414 recordatur
959 351 1110 431 mortalis,

222 451 356 505 tencatur
368 439 675 503 autecornrnune'onern
685 435 760 501 6666
771 436 913 547 confiteri.
927 440 985 515 Qu.
991 442 1055 502 ΙΙΙ.
1066 442 1114 501 An

221 536 355 589 teneatur
371 525 490 588 conteri.

102 632 165 697 258
185 630 285 707 Quid,
298 650 325 691 sr
320 628 471 692 sacerdos
485 627 603 691 dubitat
617 626 652 689 66
670 634 785 708 peccato
801 628 966 691 coramisso.
984 628 1112 709 (Remis-

220 720 283 778 sive
295 717 333 776 ad
348 735 380 775 n.
395 718 464 777 473.
480 714 517 774 dc
532 732 655 773 sacram.
670 712 789 791 Poenit.)

101 814 163 874 259
182 811 251 872 Non
268 812 423 873 ecc-usati
444 807 621 890 confessione
639 804 803 883 celebritas,
818 806 949 886 deuotio,
962 816 1016 871 out
1034 828 1114 891 pou·

241 904 329 957 ertas.

101 991 164 1051 260
182 916 316 1051 66666666
329 992 397 1051 aero
419 992 448 1051 6.
469 983 641 1049 Periculum
661 986 764 1061 mortis
774 1033 783 1064 ‚
802 997 830 1049 et
849 986 1004 1049 necessitas
1022 987 1114 1049 66666-

220 1074 339 1135 strandi
362 1072 521 1138 Viaticunc.
545 1075 575 1132 6.
589 1070 788 1147 scandatum,
806 1081 861 1134 aut
880 1082 951 1134 noto
965 1072 1112 1153 infernin.

222 1156 321 1236 Quid,
336 1158 364 1219 si
379 1157 532 1237 deseratur
547 1154 695 1218 Viaticuna
715 1154 854 1235 infirmo,
869 1160 923 1237 qeci
938 1162 1041 1239 nequit
1054 1165 1115 1217 66666

219 1244 276 1305 citi
289 1203 403 1325 666666
418 1240 638 1347 confessionem.

99 1339 159 1402 261
183 1336 284 1414 Quid,
298 1334 482 1419 ciaconius,
494 1344 549 1397 666
559 1352 621 1416 epse
632 1333 765 1398 sacerdos
779 1333 891 1397 deteret
900 1353 996 1399 carere
1009 1335 1113 1409 missa,

219 1420 265 1483 uei
275 1422 477 1483 communione
488 1416 637 1501 pascuali.

102 1520 163 1580 262
184 1516 281 1597 Quid,
294 1516 322 1579 si
335 1515 469 1578 sacerdos
491 1517 570 1577 inter
584 1512 788 1577 celebrandurn
798 1516 930 1597 qraoiter
945 1526 1055 1597 peccet,
1069 1514 1116 1579 aei

221 1602 386 1665 recordetur
401 1604 513 1682 6666666
526 1604 687 1682 praeerat,
706 1620 748 1662 an
769 1610 904 1663 teneatur
922 1600 1071 1683 confiteri,
1086 1601 1115 1664 si

219 1686 390 1853 6666669766
411 1705 453 1746 an
479 1694 613 1749 tencatur
634 1686 758 1751 missam
782 1686 909 1749 deserere
931 1685 959 1748 si
986 1694 1114 1767 66666666

99 1870 162 1933 663
182 1866 280 1964 Quid,
293 1886 321 1929 ss
315 1866 429 1929 laicus
441 1849 607 1929 recordetur
628 1864 801 1929 mortalis
787 1885 821 1929 6
840 1883 960 1929 scamno
988 1884 1113 1929 comaco

242 1951 394 2013 icantiurn.

98 2040 162 2126 266
184 1972 309 2115 62666666
335 2045 489 2100 cernentur
505 2037 600 2100 deesse
618 2038 703 2119 copia
719 2037 901 2136 confessarii
916 2039 959 2100 Et
976 2055 1043 2119 quoe
1065 2035 1115 2100 dr·-

219 2126 332 2184 stantia
353 2120 528 2202 confessarii
547 2131 672 2184 excuset
700 2123 798 2200 Quid,
818 2123 846 2184 si
868 2142 929 2186 non
954 2123 1033 2184 adsit
1052 2122 1115 2184 uisi
1200 2165 1203 2170 -

219 2205 505 2289 6666666666ρί6,
516 2207 1110 2288 oeiconfessoriascacoucrnunicatnsotc.

97 2296 161 2360 265
182 2295 239 2371 Qu
258 2295 287 2352 I
307 2291 405 2368 Quid,
423 2310 450 2352 se
445 2291 599 2354 sacerdos
619 2292 725 2354 666666
745 2299 893 2371 peccatura
911 2299 1109 2366 reservatum,

217 2384 247 2438 et
270 2375 346 2437 desit
361 2370 559 2456 confessorias
577 2375 689 2437 habens
713 2373 893 2454 facultatem.
916 2376 975 2449 Qu.
1000 2378 1046 2435 11.
1065 2379 1113 2438 du

219 2470 289 2522 turre
310 2469 443 2522 teneatur
460 2461 594 2542 confiteri
608 2480 673 2522 666
674 2459 748 2521 talea
763 2469 823 2520 tani
837 2468 1001 2533 reseruata,
1023 2463 1112 2542 qartus

217 2565 278 2606 uon
290 2555 446 2605 reseruata.
464 2548 562 2619 Quor.
577 2547 638 2606 111.
654 2544 755 2622 Quid,
775 2563 802 2605 se
798 2543 926 2607 666666
947 2561 1112 2606 66666666-

218 2629 394 2692 66666666666
414 2640 604 2691 6666666666.
922 2702 927 2708 ,

97 2723 160 2786 666
182 2719 239 2795 Qu.
260 2719 317 2778 IV.
341 2715 491 2791 Quomodo
513 2715 737 2798 6666666666666
755 2725 933 2797 praeceptum
956 2715 1114 2796 confitendi

217 2801 450 2882 6666666666.
467 2804 524 2877 Qu.
551 2805 586 2863 V.
609 2803 657 2862 An
677 2801 716 2862 ad
734 2799 810 2862 66666
829 2810 962 2862 teneatur
979 2801 1111 2866 sacerdos

217 2886 363 2949 celebrans
381 2884 529 2966 66666696.
553 2888 610 2964 Qu.
641 2888 694 2949 VI.
709 2891 759 2948 Au
779 2885 924 2950 celebrans
944 2888 1113 2970 coufessus²

219 2981 248 3032 ct
259 2970 366 3033 obiitus
378 2973 498 3052 peccati.

97 3062 159 3125 267
182 3059 238 3135 Qu
255 3059 326 3118 VII.
346 3057 394 3116 Aa
415 3056 548 3119 sacerdos
566 3077 628 3119 non
644 3057 812 3140 consessus,
831 3059 885 3140 6666
902 3059 1011 3121 ruem-iu
1001 3057 1038 3119 666
1050 3078 1112 3149 pec

218 3140 279 3200 cati
290 3150 358 3222 post
370 3144 625 3204 consecrationem.

95 3229 159 3291 268
180 3227 238 3301 Qu.
254 3227 343 3287 V111.
355 3227 402 3285 dn
419 3235 596 3308 praeceptum
617 3225 774 3308 confitendi
794 3227 1015 3308 qccanpriruirm
1039 3227 1112 3292 attt-

216 3320 265 3390 966
275 3313 362 3371 etiarn
374 3309 474 3372 iaicas

96 3400 157 3462 966
176 3398 305 3474 Effectus
318 3394 489 3456 Euctcaristi
490 3413 526 3456 oe.

96 3485 159 3547 nto
179 3483 238 3556 Qu.
261 3481 290 3539 1.
312 3480 361 3539 dn
381 3480 509 3542 66666666
527 3481 568 3543 66
588 3481 813 3544 6666666666
836 3500 902 3542 curra
920 3481 1031 3542 6666666
1050 3475 1108 3544 66-

216 3560 324 3625 666666
334 3563 375 3624 srt
389 3583 498 3626 66666
507 3564 631 3628 66666666
648 3570 745 3644 Quccr.
766 3569 812 3627 11.
826 3569 873 3626 An
892 3565 1109 3630 cornrrncnr'caus

217 3665 310 3710 66666
292 3646 403 3711 6666666
412 3648 525 3712 actuale
528 3659 622 3733 peccet
633 3649 798 3760 venialiter,
809 3658 837 3712 ct
840 3650 873 3735 [r
875 3659 1038 3796 6666666666
1028 3651 1107 3714 6.6666
