2450 3975
127 133 186 196 ete
268 194 273 204 ,
357 131 422 196 dib.
437 132 467 196 6.
485 133 583 195 Trort.
600 133 630 196 5.
641 110 898 196 Dedutlroristio.

125 251 225 296 rernm
238 228 473 307 altissimorum,
490 251 558 315 qne
571 233 605 296 in
616 232 669 296 lroe
680 232 823 314 sacrificio
838 232 945 312 latent,
957 237 1129 322 contempla

125 321 233 382 tionem
256 316 589 396 exercitamentis,
610 319 689 380 sicut
714 319 872 380 concilium
889 319 991 392 docet,
1018 323 1055 383 nd
1076 323 1130 386 hoe

124 423 213 466 sacrae
231 403 414 464 ceremoniis
426 403 567 464 institutae
580 412 671 475 sunt,
687 411 722 464 ut
735 421 788 482 per
809 405 879 465 talia
898 406 1026 466 visibilia
1046 409 1129 487 signa

124 489 226 552 fideles
239 488 374 550 sacrificii
384 487 564 565 majestatem
573 495 604 548 et
613 490 825 566 mysteriorum
834 489 866 549 in
879 507 914 550 eo
923 499 1133 556 contentorum

123 574 336 638 sublimitatem
349 572 594 634 animadvertant.
609 571 667 634 Sed
680 570 750 633 edm
763 572 931 650 hujusmodi
949 579 1131 640 caeremoniae

124 659 304 722 exhibentur
323 657 412 718 nimis
424 655 619 727 festinanter,
634 657 709 718 sicut
721 657 844 734 quidem
865 667 983 737 oportet
1000 677 1050 720 cas
1062 679 1131 739 per·

124 747 238 808 solvere
252 744 331 806 intra
357 750 471 819 tempos
488 749 549 802 tom
562 740 669 814 breve,
689 749 759 802 tunc
777 743 847 820 ipsas
864 761 925 805 non
944 741 1061 804 tantdm
1074 747 1130 808 mi·

126 828 207 894 nimi
222 831 361 906 ingerunt
377 823 509 886 debitam
521 827 742 888 venerationem
759 844 827 904 erga
847 827 982 899 missum,
997 829 1132 892 sedinsu·

126 935 180 994 per
201 922 271 974 sunt
286 928 393 981 causa,
413 917 448 968 ut
466 911 497 970 in
522 911 635 990 populo
656 911 807 971 veneratio
829 910 956 972 deficiat.
975 911 1129 992 ldedque,

124 998 192 1062 cium
201 997 331 1076 grauiter
344 993 469 1056 indatur
486 995 555 1056 linis
568 997 829 1068 ceremoniarum,
845 997 981 1058 sacerdos
1002 999 1044 1058 ite
1056 1001 1132 1061 cele-

122 1085 211 1146 brans
225 1099 287 1144 non
302 1081 380 1142 velet
391 1080 523 1142 excusari
537 1078 555 1140 d
573 1081 656 1160 gravi
669 1081 754 1159 culpa
774 1089 897 1159 propter
910 1097 998 1158 grave
1011 1085 1135 1146 scanda-

123 1170 187 1230 lum
203 1165 284 1246 quod
311 1166 422 1248 populo
440 1165 563 1245 prebet.
581 1166 623 1228 dc
635 1174 790 1245 propterea
816 1167 949 1246 appositi
972 1169 1136 1251 concilium

123 1257 297 1316 'turonense
308 1271 386 1314 anno
403 1253 491 1314 isse.
505 1251 664 1331 precepit,
682 1250 974 1314 utsarerdotesbeni
985 1253 1133 1317 instruan-

124 1350 175 1403 tur
195 1340 227 1402 in
250 1340 346 1400 missae
367 1339 569 1412 ceremoniis,
590 1355 627 1398 ne
642 1333 786 1419 populum
806 1337 906 1416 (verba
930 1340 1059 1418 concilii)
1074 1341 1134 1406 sibi

123 1423 309 1486 commnsunr
324 1425 344 1484 d
360 1421 509 1485 devotione
527 1422 629 1502 potitis
648 1431 800 1496 revocent,
819 1423 909 1502 qtnitn
927 1421 1133 1488 adanorum

122 1518 151 1570 et
172 1507 386 1571 tremendorum
409 1507 619 1587 mysteriorum
639 1507 879 1582 meditationem,
899 1515 929 1570 et
949 1507 1132 1577 debitnmet's

122 1591 349 1676 impendentium
363 1592 579 1654 venerationem
598 1591 734 1654 invitent.
750 1595 808 1668 Qui
831 1603 931 1656 autem
945 1611 1015 1656 oum
1033 1614 1132 1660 exces-

121 1683 186 1745 siua
203 1677 408 1752 testinatione,
428 1686 460 1738 et
474 1687 689 1756 consequenter
706 1679 772 1740 sine
789 1680 976 1741 convenienti
998 1680 1132 1747 decentia

123 1766 244 1828 missam
255 1764 417 1842 persolvit,
434 1781 496 1824 non
514 1760 610 1825 solrim
625 1781 685 1824 non
703 1763 811 1825 invitat
826 1764 1042 1828 assistentcsad
1060 1784 1132 1830 con·

123 1848 292 1927 templanda
310 1850 470 1927 mysteria,
485 1866 538 1908 nec
553 1847 591 1908 ad
609 1847 805 1908 exhibendam
817 1849 858 1908 eis
867 1847 998 1909 debitam
1009 1867 1132 1914 venera-

123 1935 253 2005 tionem,
266 1931 318 1991 sed
334 1930 434 2011 potiris
449 1932 558 1993 invitat
569 1932 606 1994 ad
617 1933 836 1995 venerationem
845 1933 1038 2011 abjiciendam
1050 1935 1138 2012 ,imo

122 2014 221 2097 potids
230 2015 412 2076 adstantium
424 2016 573 2076 mentibus
589 2018 765 2079 tentationes
778 2016 918 2080 adversis
939 2018 1029 2081 fidem
1047 2021 1133 2101 inge·

121 2102 182 2173 rit,
197 2098 375 2172 auferendo,
387 2105 439 2159 aut
456 2099 560 2160 saltem
579 2100 785 2163 imminuendo
805 2104 1026 2177 credulitatem,
1049 2106 1131 2183 qudd

121 2186 164 2247 ibi
174 2185 307 2246 cbristus
319 2183 463 2244 Dominus
476 2184 595 2246 realiter
612 2180 706 2262 adsit,
719 2184 792 2247 dum
810 2196 942 2265 spectant
955 2230 963 2258 ,
978 2206 1047 2249 eum
1069 2199 1130 2253 tam

121 2272 320 2334 irreverenter
333 2267 351 2327 d
363 2268 528 2332 celebrante
542 2270 739 2348 recognitum.
751 2272 788 2331 Et
801 2268 857 2333 hoc
867 2272 987 2349 quidem
997 2281 1040 2337 cst
1054 2274 1130 2337 illud

121 2355 292 2417 scandalum
322 2360 355 2438 et
373 2364 603 2429 nocumentum,
621 2354 701 2433 quod
720 2353 737 2415 ia
753 2356 836 2435 gravi
853 2356 938 2435 culpa
955 2356 1058 2435 nequit
1077 2376 1131 2421 ex·

122 2457 229 2502 eumer.

159 2527 205 2585 lta
220 2541 268 2585 res
280 2540 312 2587 se
323 2520 432 2596 habet,
451 2523 502 2585 sed
515 2521 573 2585 heu
585 2532 659 2601 quot
674 2533 744 2585 sunt
760 2527 925 2605 superiores
940 2527 1006 2601 isti,
1019 2533 1130 2607 etquot

121 2610 305 2682 secerdotes,
328 2611 379 2687 qui
406 2610 444 2671 de
475 2608 532 2671 hoc
562 2611 619 2670 sibi
647 2611 822 2689 scrupulum
850 2611 1010 2690 injiciunti
1028 2616 1132 2677 Excla—

121 2702 206 2756 mant
226 2695 466 2767 conciouatores,
490 2694 654 2761 exclamant
679 2696 836 2773 scriptores
869 2696 949 2758 recti
971 2697 1130 2769 docentes,

120 2777 202 2858 qubd
214 2778 317 2855 ingens
327 2776 476 2841 diremtio
487 2779 752 2853 ceremoniarum,
774 2788 805 2839 et
823 2790 1036 2858 consequenter
1049 2782 1132 2861 qudd

121 2862 217 2924 missa
229 2860 375 2921 absolutio
388 2862 466 2923 intra
484 2864 679 2941 quadrantem
694 2882 753 2925 non
768 2872 863 2941 potest
875 2864 1030 2925 excusarit
1044 2867 1132 2946 culpa

120 2945 223 3028 gravi3
237 2944 289 3006 ssd
304 2953 377 3021 quot
389 2953 460 3005 sunt
474 2946 497 3005 ii
511 2947 563 3025 qui
579 2965 682 3009 curam
704 2946 813 3009 habent
829 2946 892 3007 hsec
912 2947 1047 3009 vitandi?
1067 2951 1135 3013 llu.
1216 2982 1217 2991 ι

118 3026 249 3113 jusmodi
265 3028 432 3107 corruptela
452 3046 515 3089 non
538 3030 660 3107 quidem
675 3032 807 3105 calamo,
826 3032 878 3093 sed
897 3030 1035 3109 lacrymis
1052 3044 1138 3099 esset

121 3112 322 3197 persequenda
333 3156 343 3186 ,
356 3113 430 3173 dum
447 3114 582 3192 quotidie
601 3118 768 3189 cernimus,
786 3134 847 3179 nou
862 3114 958 3177 soldm
970 3116 1133 3185 maximum

120 3211 236 3280 partem
253 3198 440 3261 sacerdotum
454 3199 642 3261 secularium
664 3200 720 3261 hoc
741 3200 930 3263 tremendum
952 3200 1133 3269 sacrificiunt

118 3302 259 3362 peragere
269 3282 365 3363 papis,
376 3282 466 3365 quim
476 3290 603 3345 tractant
609 3303 656 3346 rea
664 3287 839 3365 temporales
845 3286 963 3350 levioris
973 3289 1130 3363 momenti,

120 3365 161 3422 ita
185 3367 365 3441 oscitanter,
392 3378 426 3431 ut
441 3367 554 3429 nullam
579 3369 617 3429 de
637 3379 720 3431 tanto
734 3372 889 3449 mysterio
911 3371 1002 3433 iidem
1021 3369 1132 3435 habere

119 3446 296 3541 rideantur,
315 3455 369 3514 sed
396 3455 479 3533 quod
497 3456 729 3537 deplorabilios,
759 3459 851 3521 ctiam
869 3458 1019 3539 religiosi,
1034 3458 1132 3522 adhuc

119 3534 252 3590 arctioris
268 3534 481 3625 observantiae,
502 3544 555 3626 qui
569 3544 600 3607 io
610 3544 676 3611 eliis
687 3542 780 3609 rebus.
791 3544 996 3627 spiritualibus
1012 3544 1135 3623 agendis

1142 2999 1148 3015 ὲ

1141 3326 1145 3343 i
