2450 3975
116 215 121 226 ·
215 202 287 279 Cap.
303 190 332 259 5.
349 196 394 261 De
406 191 537 257 ducier.
552 202 646 259 otest
660 146 849 279 sacrifitium.
867 194 948 263 oet.
962 202 993 262 1.
1046 200 1103 263 ret

99 300 163 381 prid
172 301 323 361 voluntate
333 306 508 371 contractae,
519 315 581 360 non
590 298 737 362 tolluntur
745 301 807 363 sine
815 302 864 381 pia
871 301 963 365 animi
972 300 1102 375 actione,

100 405 164 464 quae
183 385 347 447 venialibus
366 383 426 444 illis
444 392 598 462 repugnet.

8 481 15 497 ¹
135 506 173 565 11.
198 502 325 565 Effectus
347 500 437 579 hujus
458 501 591 561 saeriiieii
614 509 659 562 est
682 519 737 581 per
756 519 788 563 se
809 500 978 565 immediate
999 502 1103 565 mmit-

100 600 160 651 tere
186 607 288 667 poenas
311 596 498 668 peecatorum
514 585 686 647 hominibus
709 586 798 666 justis
818 631 827 660 ‚
847 604 904 667 pro
926 586 1032 665 quibus
1058 588 1102 649 oi·

95 676 213 750 fertur3
240 674 283 733 ita
313 670 511 732 communiter
542 673 634 731 Suor.
661 668 693 731 d.
727 672 777 732 79.
813 688 840 734 ε.
857 672 889 731 6.
908 667 979 731 rat.
1009 688 1039 753 p.
1070 675 1100 734 6.

95 777 147 818 nu.
161 760 191 818 7.
210 760 297 818 Cone.
319 773 351 835 p.
369 755 438 815 499.
457 774 512 815 nu.
533 752 731 835 ii.Wipandt
744 763 782 815 tr.
800 758 850 817 19.
867 774 900 817 n.
917 757 967 817 81.
985 774 1012 817 r.
1032 759 1062 816 1.
1075 764 1104 817 ει

93 840 186 903 Setm.
200 840 274 902 idid.
286 860 319 900 η.
332 841 381 900 11.
394 857 462 903 eom
473 840 583 915 Genet,
601 840 673 899 Gon.
687 842 727 901 P.
743 841 876 901 Navarr.
890 840 997 921 Loym.
1011 840 1102 902 Geor.

93 936 143 987 ete.
155 944 194 986 ex
209 928 251 986 D.
271 924 326 986 rt.
340 925 368 983 5.
380 943 412 1005 p.
427 941 456 1003 q.
472 925 521 983 79.
537 931 596 983 ενι.
611 927 640 985 5.
655 924 705 985 ubi
723 925 765 985 ait
777 924 857 1003 qudd
870 924 926 986 hoe
938 944 1102 986 sacramen-

93 1022 175 1084 tnm,
192 1010 228 1069 in
246 1017 393 1090 qnantum
412 1017 456 1069 est
475 1006 672 1086 sucrificium,
692 1008 778 1071 dedet
794 1010 855 1071 vim
873 1008 1100 1091 satisfactiones.

91 1098 127 1156 Et
144 1102 228 1173 patet
241 1112 278 1153 ex
291 1093 375 1153 Trid.
390 1111 459 1154 sess.
475 1095 524 1153 95.
538 1111 563 1152 o.
578 1094 605 1153 1.
622 1094 673 1169 ubi
685 1092 810 1153 habetur
820 1115 828 1153 ε
840 1096 965 1155 Animas
980 1094 1014 1155 in
1029 1113 1102 1176 pur-

88 1178 208 1260 ⁸potorio
225 1176 357 1238 detentas
370 1174 505 1257 fidelium
517 1175 671 1259 suffropiie
682 1178 869 1258 potissimdm
885 1180 954 1238 verd
971 1189 1101 1261 accepto·

90 1261 145 1325 titt
155 1259 416 1343 altot‘issectdfiet‘o
425 1261 543 1342 juvari.
552 1262 618 1322 ntis
627 1270 726 1322 autem
737 1262 785 1321 vid
796 1262 923 1322 defuncti
934 1264 1030 1341 juvari
1042 1282 1101 1325 non

89 1355 236 1427 possunt,
252 1345 341 1425 quim
359 1347 529 1408 immediata
541 1363 698 1425 poenarum
712 1347 894 1408 remissione.
909 1348 961 1407 111.
977 1347 1102 1408 Effectus

89 1443 134 1494 est
156 1440 352 1511 augmentum
368 1433 479 1509 gratiae.
499 1432 582 1493 Circa
598 1430 679 1510 quod
691 1432 855 1510 quaeritur,
868 1450 906 1491 an
928 1431 1103 1495 sacrificium

89 1517 188 1578 missae
198 1517 236 1577 de
246 1534 277 1576 se
290 1534 326 1575 ex
339 1534 428 1593 opere
442 1525 563 1594 operato
573 1518 703 1577 conferat
721 1515 778 1579 hoe
790 1526 979 1597 augmentum
989 1521 1005 1576 7
1016 1516 1104 1578 Affir-

88 1599 309 1661 mantheondr.
319 1598 409 1660 Cord.
419 1607 447 1660 ει
455 1599 578 1661 Monoi.
587 1602 645 1663 Sed
655 1602 821 1681 negandum
835 1620 901 1661 oum
911 1605 1000 1663 Suar.
1011 1600 1041 1662 d.
1050 1603 1100 1662 79.

88 1704 113 1747 ε.
128 1687 160 1746 4.
174 1681 247 1747 Pat.
258 1704 291 1767 p.
305 1688 335 1747 6.
346 1704 380 1745 ιι.
392 1684 563 1747 5.-etSolm.
578 1694 617 1746 tr.
630 1690 659 1747 tt.
672 1706 698 1748 e.
709 1689 739 1747 5.
751 1705 785 1767 p.
796 1690 825 1747 1.
836 1705 869 1746 a.
886 1690 933 1747 15.
945 1688 997 1764 qui
1011 1688 1103 1747 ritant

93 1772 186 1851 Vasq.
198 1772 275 1851 tuq.
288 1773 379 1832 Hert.
394 1772 473 1831 Bon.
486 1779 514 1831 ει
526 1768 602 1832 otios
617 1773 823 1845 communiter,
839 1771 908 1847 quia
918 1771 956 1833 de
965 1770 1020 1832 hoe
1035 1772 1103 1832 nul·

87 1855 142 1916 libi
155 1855 385 1915 fundamentum
398 1853 652 1916 habetur.Verids
663 1872 734 1930 ergo
746 1853 904 1916 dicendum
917 1873 970 1934 per
984 1856 1102 1919 missam

87 1940 245 2020 impetrari
266 1939 374 2000 auxilia
394 1940 431 2000 ad
449 1940 644 2020 perficiendos
660 1950 758 2015 aetus,
772 1940 881 2020 quibus
899 1941 992 2020 gratia
1005 1960 1102 2005 aecro-

87 2027 155 2086 scit.
179 2027 230 2086 Ν.
251 2024 377 2086 Effectus
402 2035 446 2087 est
466 2029 636 2106 impetratio
659 2029 808 2090 bonorum
830 2029 1046 2108 spiritualium,
1070 2037 1101 2090 ει

87 2113 179 2171 otiam
200 2112 430 2189 temporalium,
452 2112 597 2191 quatenus
618 2113 672 2175 ista
693 2117 800 2176 animae
820 2115 956 2193 prosint,
977 2133 1014 2176 ex
1034 2114 1102 2177 Tri·

88 2195 171 2258 dent.
184 2212 255 2259 εεεε.
267 2199 317 2258 99.
332 2215 358 2258 e.
373 2199 404 2258 9.
419 2197 492 2261 Vide
504 2196 599 2260 Sotm.
613 2197 686 2262 ibid.
700 2217 733 2260 a.
747 2202 796 2284 15.
879 2217 885 2227 ·

126 2305 196 2366 519.
218 2335 258 2353 -
276 2329 291 2359 ιι
307 2306 481 2386 Principalis
499 2307 614 2368 fruetus
633 2308 729 2369 missae
749 2325 786 2370 ex
806 2323 896 2387 opere
918 2315 1037 2388 operato
1058 2318 1101 2370 εει

87 2414 102 2444 ι
126 2389 330 2470 independens
351 2390 368 2451 d
391 2391 540 2468 probitate
562 2392 744 2466 sacerdotis,
767 2393 785 2454 a
807 2412 868 2473 quo
888 2411 944 2472 pro
964 2394 1101 2456 omnibus

88 2501 102 2530 a
126 2493 180 2536 seu
203 2475 280 2537 vivis
301 2493 353 2537 seu
374 2475 542 2549 destruetis,
562 2479 652 2538 etiam
675 2485 792 2558 accepto
814 2477 983 2556 stipendio,
1007 2479 1102 2556 appii-

87 2584 102 2616 »
127 2561 305 2635 canitiem,
319 2568 421 2640 estque
433 2570 574 2623 aetutem
589 2563 753 2636 intensive,
766 2561 855 2641 quam
871 2560 1018 2621 extensive
1032 2561 1101 2622 fini·

86 2671 102 2700 ι»
126 2647 275 2722 ιιιεςειεί
297 2648 378 2708 enim
399 2645 494 2707 hostia
514 2647 595 2725 ipsa,
611 2655 642 2706 et
662 2647 833 2725 principalis
856 2645 1000 2718 offerens,
1012 2645 1042 2707 id
1056 2659 1100 2710 est

51 2728 54 2734 “
88 2754 102 2783 ι
126 2727 282 2803 Christus,
296 2729 413 2792 infinite
429 2733 469 2790 sit
485 2731 548 2790 Deo
565 2737 684 2809 gratus,
698 2738 787 2808 atque
808 2730 850 2789 ita
870 2730 949 2788 Deus
969 2747 1023 2809 per
1045 2731 1100 2794 hoe

5 2862 6 2865 ,
88 2838 102 2867 a
126 2814 305 2874 sacrificium
320 2813 438 2875 infinito
450 2813 865 2887 honoreaffieiatur‚ridetur
882 2821 980 2874 tamen
992 2814 1099 2878 Christi

5 2932 6 2955 1
87 2925 101 2954 e
125 2916 189 2959 esse
203 2899 340 2959 voluntas
354 2907 387 2959 ut
405 2898 567 2972 offeratur,
583 2906 614 2958 et
635 2899 728 2978 prosit
748 2899 864 2960 tantdm
877 2898 914 2960 ad
926 2910 1055 2969 certum,
1071 2910 1101 2962 et

88 3007 103 3036 ιι
126 2983 248 3043 finitum
268 2983 416 3043 effoetum.
428 2983 513 3056 Quod
527 2984 617 3043 etiam
633 2993 713 3062 patet
730 3002 766 3044 ex
779 3002 852 3058 usu,
866 2992 896 3044 et
906 3001 993 3044 sensu
1003 2985 1100 3044 Ecde-

5 3068 6 3103 ι
89 3093 104 3121 ιι
128 3069 199 3142 siae,
214 3065 289 3127 ddm
305 3068 399 3127 Missae
416 3085 471 3145 pro
488 3065 590 3134 eadem
610 3087 646 3128 re
669 3077 870 3148 repetuntur:
888 3069 969 3146 quod
983 3069 1100 3146 signum

88 3176 102 3204 ιι
127 3157 174 3211 est
186 3195 210 3294 ,ι
220 3169 282 3210 non
308 3149 418 3212 habere
441 3150 594 3214 infinitum
618 3152 765 3216 effectum.
789 3151 862 3215 Vide
881 3155 994 3214 Bonae.
1015 3150 1044 3212 d.
1067 3153 1097 3211 4.

89 3239 327 3316 aputpn

125 3333 300 3396 Notandum
316 3339 345 3397 1.
366 3337 460 3397 alium
479 3355 541 3400 esse
559 3339 710 3411 valorem,
724 3339 817 3400 alium
839 3336 970 3397 fructum
992 3335 1097 3398 missae.

28 3499 31 3505 ¹
94 3414 187 3480 Volor
206 3427 251 3478 est
269 3419 394 3480 efficacia
414 3422 573 3500 illaquam
592 3422 680 3483 hahet
701 3425 788 3482 missa
809 3438 846 3480 ex
867 3420 1010 3498 dignitate
1028 3421 1100 3483 ode·

88 3501 206 3572 nentis,
224 3511 255 3563 ει
276 3505 320 3564 rei
340 3505 461 3579 oblatae,
486 3507 523 3565 ad
549 3505 723 3565 eonferenda
743 3507 820 3564 bona
844 3503 995 3577 offerenti,
1011 3513 1041 3565 et
1064 3507 1100 3564 iis

5 3592 6 3597 ’
87 3603 146 3664 pro
171 3586 281 3663 quibus
300 3587 433 3651 offertur.
458 3591 584 3671 Fructus
608 3595 708 3648 autem
733 3594 803 3648 sunt
827 3585 1011 3730 bonawipsa,
1035 3605 1100 3664 quae
