2450 3975
144 217 204 278 404
383 210 448 276 uit.
461 213 489 273 t.
516 212 613 272 Troct.
629 212 657 272 4.
675 210 718 271 uc
730 210 914 290 purulentia.

136 343 150 372 η
177 317 265 379 card.
295 316 330 379 dc
347 317 428 396 Lupo
450 312 481 375 d.
502 312 551 375 45.
576 320 643 373 acet.
662 315 692 374 4.
709 331 742 372 u.
766 312 868 373 48.41.
893 311 923 372 Si
947 310 1096 389 paenitens
1114 318 1149 376 sit

136 426 150 453 a
175 404 280 463 mentis
293 402 408 480 impos,
431 408 483 459 aut
500 398 586 458 aliter
601 398 769 476 impotens,
790 405 840 457 aut
861 397 950 457 morti
971 400 1147 475 proximus,

136 510 150 538 a
174 487 320 548 autvalde
334 484 457 555 debilis,
474 483 521 544 cui
542 490 642 542 tamen
660 482 825 561 prudenter
845 481 961 561 injungi
981 483 1078 545 levem
1094 488 1148 546 sal-

134 595 147 622 a
174 578 232 629 tem
253 570 475 649 poenitentiam,
492 586 523 626 v.
546 584 592 644 gr.
614 568 833 644 percussionem
862 568 1005 644 pectoris,
1030 570 1149 633 invom-

133 681 147 707 ι·
173 656 286 717 tionem
310 654 438 716 nominis
460 653 528 713 lesu
543 652 657 731 (saltem
685 651 785 729 corde)
810 652 919 711 aliasve
945 652 1009 730 pios
1029 662 1146 727 motus,

134 764 148 790 a
173 741 220 801 vel
250 751 284 802 ut
315 756 368 818 per
393 736 524 797 haercdes
554 736 713 807 sacrificia,
737 738 954 814 eleemosynas,
985 748 1015 798 et
1041 739 1147 801 similia

133 850 147 877 a
172 843 260 904 opera
280 826 328 904 pia
349 823 415 883 sieri
431 831 535 891 curet,
555 829 681 881 monent
699 822 832 893 Saurea,
856 822 961 899 Laym.
987 830 1016 882 et
1033 826 1147 884 Bouoc.

134 934 147 963 a
172 907 194 969 l.
209 929 232 970 c.
248 913 399 971 etNuuur.
417 908 468 986 qui
482 906 585 980 addit,
599 924 684 985 posse
702 906 836 985 injungi,
853 916 888 966 ut
908 908 1056 983 patienter
1074 910 1148 969 ferat

133 1019 147 1047 a
172 993 398 1066 infirmitatem,
412 991 494 1070 quod
520 1000 621 1052 tamen
643 995 755 1053 Bcuuc.
774 989 796 1052 4.
810 1010 835 1051 c.
853 1009 912 1051 non
933 992 1059 1071 probat;
1081 994 1147 1055 culm

134 1103 147 1129 a
170 1077 235 1137 fieri
257 1078 349 1155 possit
361 1122 369 1146 ,
381 1086 416 1137 ut
431 1076 462 1136 id
476 1075 561 1138 vaide
577 1084 665 1155 angat
679 1076 851 1144 infirmum,
867 1078 1021 1136 timentem
1042 1096 1073 1137 se
1088 1097 1148 1139 non

132 1189 146 1217 a
170 1162 228 1223 ritd
243 1163 418 1223 satisfacere.
440 1188 454 1215 a
480 1162 572 1241 (Natu
594 1161 640 1223 lale
655 1158 733 1242 quod
752 1160 876 1223 doletur
891 1162 925 1221 iu
948 1158 1066 1222 Rituuli
1091 1166 1149 1224 Ro·

132 1265 249 1309 manoe
271 1248 364 1326 AEgris
388 1267 449 1309 non
467 1264 531 1307 esse
546 1246 757 1325 injungendam
777 1265 896 1325 gravem
919 1248 1148 1325 paenitentiam,

133 1333 184 1392 sed
195 1331 384 1393 indicendam
396 1331 514 1394 tantirm
528 1333 630 1402 illam,
646 1351 745 1410 quam,
760 1334 784 1391 si
799 1333 1012 1409 convaluerint,
1040 1351 1149 1411 oppar-

133 1425 208 1477 tuno
230 1426 364 1495 tempore
377 1426 530 1497 peragant.
544 1419 585 1478 Et
602 1416 679 1476 idem
695 1413 804 1476 dicitur
816 1418 851 1479 iu
862 1434 929 1476 cau.
949 1415 991 1477 Ab
1006 1414 1146 1495 infirmis.
1223 1486 1224 1491 .

132 1520 215 1561 cous.
239 1503 289 1562 46.
304 1520 356 1581 qu.
374 1506 406 1563 7.
420 1500 535 1561 Dicunt
558 1497 766 1561 accensum.
791 1498 863 1561 ibid.
887 1520 919 1559 u.
937 1502 985 1559 44.
1006 1499 1041 1559 iu
1052 1500 1110 1581 fin.
1122 1508 1150 1561 et
1223 1516 1224 1535 ¹

132 1584 246 1645 Dicant.
261 1584 293 1645 d.
308 1588 356 1646 44.
371 1585 442 1647 dub.
459 1586 489 1645 4.
505 1604 537 1646 u.
551 1588 599 1645 44.
617 1583 696 1664 qudd
718 1584 747 1645 si
760 1583 900 1664 infirmus
912 1592 1006 1666 potest
1024 1584 1148 1665 satisfa-

133 1688 193 1730 cere
204 1690 258 1753 per
278 1668 492 1753 eleemosyuna,
511 1668 696 1750 imponenda
708 1677 780 1730 suut
798 1672 818 1728 d
833 1667 1032 1751 confessario).
1060 1694 1074 1722 a
1094 1673 1145 1732 lll.

132 1757 295 1831 »Quando
320 1758 509 1835 scrupulosus
539 1752 646 1833 saepius
662 1755 742 1814 intra
774 1754 907 1814 camdem
943 1754 1047 1814 horam
1070 1760 1149 1820 redit

133 1863 146 1893 a
171 1859 240 1899 cum
256 1842 340 1901 novis
353 1842 447 1919 culpis
459 1861 468 1916 3
480 1840 549 1919 quia
568 1841 746 1920 supponitur
763 1839 832 1901 satis
855 1839 993 1919 imposita
1015 1840 1049 1900 in
1068 1859 1150 1920 prae-

133 1948 147 1976 »
171 1923 354 1985 cedentibus.
371 1929 448 1986 Tau.
464 1921 485 1985 4.
500 1928 530 1986 4.
546 1943 570 1985 c.
586 1926 616 1985 l.
631 1922 816 2007 caFupund.
1054 1916 1059 1922 ’

175 2067 188 2096 ι
207 2043 237 2102 4.
255 2043 315 2101 Etsi
334 2043 527 2103 confessarius
550 2052 650 2122 peccet
669 2060 706 2103 ex
722 2044 872 2113 communi
886 2087 895 2115 ‚
911 2043 936 2102 si
958 2061 1012 2123 pro
1033 2047 1148 2122 magnis

132 2152 146 2182 n
171 2128 297 2205 peccatis
329 2127 415 2186 valde
443 2146 564 2205 parvam
593 2129 801 2205 poenitentiam
829 2129 979 2206 imponat,
1013 2133 1147 2190 excusari

132 2240 146 2268 a
171 2224 271 2274 tamen
303 2231 372 2274 eum
396 2230 480 2291 posse
503 2221 586 2290 putat
611 2211 718 2272 Diuuo
748 2231 782 2293 p.
807 2214 837 2272 5.
864 2221 885 2271 t.
907 2215 938 2272 4.
959 2229 1016 2272 res.
1046 2215 1097 2274 94.
1123 2217 1146 2275 si

133 2323 146 2351 a
171 2300 259 2359 addat
273 2299 347 2358 iliud
362 2321 370 2356 ι
388 2296 541 2377 Quidquid
558 2295 754 2376 bonifacius,
772 2303 825 2358 ete.
841 2296 952 2357 Verdm
966 2297 1028 2358 haec
1044 2302 1148 2378 regula

132 2407 147 2436 a
171 2386 377 2445 universaliter
391 2384 507 2444 admitti
521 2401 579 2443 non
604 2391 721 2460 potest,
738 2391 774 2441 ut
793 2381 868 2442 bene
888 2392 991 2442 notant
1006 2382 1098 2444 Cord.
1113 2384 1148 2446 da

133 2493 146 2520 ι
170 2471 252 2551 Lupo
280 2469 311 2530 d.
335 2472 383 2531 44.
405 2489 439 2530 n.
462 2470 509 2529 57.
532 2469 636 2529 Couiu.
663 2472 791 2529 Tuuuer.
814 2464 945 2543 Paluus,
969 2475 1022 2528 etc.
1044 2479 1148 2532 eontra

132 2580 146 2606 a
172 2571 244 2630 quos
258 2552 363 2614 Diona
386 2572 441 2633 pro
455 2573 486 2614 se
505 2555 575 2614 citat
591 2557 733 2615 Banuet
754 2551 864 2615 Leuud.
890 2571 922 2633 p.
940 2555 969 2613 6.
999 2560 1022 2612 t.
1042 2555 1072 2613 7.
1089 2573 1145 2616 ras.

132 2665 146 2691 a
170 2641 200 2698 5.
225 2647 254 2698 et
280 2659 314 2720 p.
334 2642 364 2701 9.
390 2649 413 2701 t.
433 2641 462 2700 9.
485 2637 570 2700 resol.
599 2641 648 2700 ta.
671 2648 701 2699 et
728 2639 765 2699 ab
796 2639 861 2698 aliis
893 2656 954 2698 nan
994 2639 1147 2702 immeriti

132 2749 146 2778 a
170 2723 324 2801 rejicitur,
339 2725 375 2786 ed
394 2724 474 2802 quiid
493 2726 602 2798 verba,
626 2734 728 2804 utpote
747 2723 829 2786 merie
851 2723 1072 2800 deprecatoria,
1087 2743 1147 2785 non

132 2836 145 2862 a
170 2808 297 2869 habeant
317 2811 379 2869 vim
407 2811 541 2871 elevandi
571 2810 671 2871 omnia
701 2827 792 2888 opera
817 2809 894 2870 bona
923 2808 961 2868 ad
987 2807 1147 2870 efficaciam

132 2921 146 2948 ι·
170 2895 421 2955 sacramentalem.
432 2896 543 2956 Aversa
557 2904 662 2976 quest.
676 2896 724 2957 15.
739 2903 803 2955 sect.
820 2897 850 2955 7.

172 3018 278 3082 Uirium
294 3035 348 3096 per
370 3019 419 3078 illa
436 3019 525 3080 verba
539 3041 546 3080 :
562 3018 715 3102 Quidquid
739 3018 807 3082 bocci
826 3017 948 3101 scamis,
963 3025 1016 3080 etc.
1031 3021 1147 3081 elevem

132 3116 181 3167 tur
193 3104 228 3165 ad
246 3104 382 3165 ellectum
395 3105 598 3165 satisfactionis
610 3107 828 3165 sacramentalis
844 3106 944 3165 omnia
957 3105 1034 3164 bona
1056 3123 1146 3185 opera

131 3189 485 3272 1›oeoiteatis‚licetoon
507 3191 669 3268 imposita?
684 3193 777 3269 Negat
796 3189 873 3253 Viva
891 3208 921 3270 q.
949 3193 978 3251 6.
1005 3208 1038 3250 u.
1060 3194 1090 3251 l.
1113 3209 1144 3251 u.

130 3283 158 3337 5.
174 3280 243 3357 quia
266 3278 363 3338 virtus
382 3277 509 3336 clavium
528 3275 594 3336 iiim
614 3280 710 3337 elevat
737 3278 909 3354 poenitentis
939 3294 1051 3354 opera,
1076 3277 1146 3338 etim

130 3361 621 3440 ligat3quapropter‚ci1mverba
643 3364 692 3421 illa
715 3363 752 3421 ad
771 3362 847 3424 nihil
869 3363 999 3442 obligent
1015 3361 1048 3422 in
1077 3380 1146 3442 par·

129 3444 263 3519 nicolani,
286 3464 347 3505 non
367 3447 459 3522 ligat,
474 3456 504 3506 et
523 3457 736 3525 consequenter
761 3467 814 3507 nec
833 3465 922 3524 opera
941 3447 1051 3506 elevari
1076 3465 1147 3526 pos·

126 3533 206 3579 saint.
234 3528 292 3586 Sed
313 3529 401 3605 longe
430 3530 612 3605 probabilius
640 3540 669 3589 et
693 3531 881 3592 communius
903 3549 939 3590 cx
972 3533 1013 3590 D.
1039 3529 1144 3591 Tlaom.

126 3603 366 3668 oliirmantNau.
380 3630 405 3670 e.
419 3614 467 3671 46.
482 3633 513 3672 u.
530 3618 578 3674 44.
605 3613 673 3675 riti.
688 3622 726 3674 tr.
744 3618 773 3676 8.
784 3636 808 3675 c.
824 3619 854 3677 4.
870 3614 964 3678 Saltu.
981 3613 1016 3675 de
1036 3616 1144 3694 poenit.
