2450 3975
201 185 275 265 Cep.
293 186 320 244 5.
337 185 384 245 De
394 182 526 245 Becher·
538 192 574 243 ot
588 193 631 245 est
642 183 828 264 sacrficium.
844 188 923 251 Ded.
939 190 968 249 1.
1030 190 1086 250 its

85 306 208 373 persone
217 306 271 370 per
283 284 440 368 meletos,
451 284 499 385 ecl
512 283 678 383 relipioaos,
695 304 757 349 ooo
770 286 839 368 pius
848 288 1084 370 pmarcoteidcop

85 393 173 523 Ἢ
180 370 647 536 ΞῖέῗῗδὶιῑΰῗὲιᾭίἰέαέᾧἜω
665 456 827 537 aecipiendi
840 459 924 536 plura
939 459 1084 539 stipendia

85 563 133 622 pro
149 562 209 605 una
234 544 334 605 missa.
356 544 433 604 llam
452 541 648 620 respondetur
667 545 697 603 1.
717 542 798 621 qudd
820 544 1001 621 stipendium
1024 563 1085 607 non

84 632 161 691 detur
177 636 212 689 nt
232 628 363 707 pretium
382 627 495 687 fruens
507 627 622 703 misse,
636 627 687 689 sed
699 644 755 707 pro
773 628 986 691 sustentatione
1000 630 1084 690 mini·

82 716 190 787 stri,ut
205 712 337 773 diximus
357 709 713 773 computatorem.
735 713 784 773 st.
812 712 897 773 Unde
918 729 1035 789 semper
1052 731 1086 773 ac

82 800 208 859 minister
220 815 305 859 suam
314 795 405 861 habet
416 797 677 871 sustentationem,
688 797 789 859 delicit
797 798 922 871 titulus,
935 813 994 873 quo
1005 798 1086 858 aliud

80 886 255 963 stipendium
274 883 367 961 possit
390 882 533 961 accipere.
550 882 755 960 Respondecur
777 885 808 945 1.
831 883 930 961 qudd,
943 884 1012 947 edm
1024 900 1086 943 sen·

80 970 162 1030 tentia
181 969 319 1049 opposita
335 968 451 1029 nonsit
466 966 688 1044 improbabilis,
700 986 761 1029 non
774 976 869 1046 potest
881 970 1016 1031 sacerdos
1029 986 1084 1048 pro

79 1054 220 1133 stipendio
239 1062 320 1114 certo
333 1053 482 1114 incertum
504 1052 601 1111 missae
612 1052 742 1113 fructum
755 1054 915 1131 applicare.

111 1142 214 1217 licque
232 1138 331 1198 obstat
350 1140 382 1198 1.
406 1136 489 1213 qudd
510 1135 535 1196 si
559 1134 623 1196 luteo
650 1140 797 1199 sententia
823 1138 954 1212 valeret,
975 1136 1084 1199 frustrd

77 1226 196 1285 lleelesia
208 1225 312 1285 missas
329 1221 561 1301 multiplicaret3
576 1240 646 1283 nam
665 1222 860 1300 respondetur
873 1223 1083 1301 (audirimus),

77 1312 150 1390 qudd
168 1314 287 1376 innotos
299 1308 434 1369 sacrificii
453 1326 514 1368 non
534 1308 699 1386 percipitur
713 1307 798 1385 juxta
820 1326 908 1369 suum
929 1310 1084 1388 proprium

76 1399 224 1471 valorem,
238 1394 290 1457 sed
301 1394 387 1473 juxte
405 1393 630 1473 dispositionem
642 1393 724 1453 illins
741 1394 788 1454 cui
801 1394 984 1475 applicatur,
998 1403 1029 1455 ct
1048 1410 1083 1454 en

76 1478 127 1542 hoe
148 1481 271 1553 evcnit,
286 1478 368 1558 qudd
381 1478 441 1558 qud
451 1479 563 1557 plurios
580 1497 636 1557 pro
653 1496 714 1541 nno
728 1487 905 1559 repetuntur
922 1479 1083 1555 sacrificia,

77 1565 108 1629 ct
124 1568 239 1647 pluries
252 1567 368 1628 ductos
378 1564 583 1643 participatur.

110 1654 175 1715 lieo
189 1650 320 1715 secunda
342 1650 505 1722 sententia,
517 1646 696 1727 speculative
707 1649 874 1729 loquendo,
887 1650 1005 1713 videtne
1020 1667 1085 1727 pro·
1204 1644 1205 1647 ’

76 1737 215 1816 habilior3
239 1744 271 1797 at
291 1735 361 1813 quia
382 1734 530 1795 contraria
545 1734 643 1795 adhuc
661 1743 706 1795 est
725 1735 906 1812 probabilis,
928 1752 990 1795 non
1016 1734 1085 1797 lieet

77 1824 189 1902 quidem
201 1821 370 1891 sacerdoti,
383 1818 457 1879 diam
475 1819 580 1897 accipit
596 1818 779 1897 stipendium
797 1819 834 1878 ab
850 1836 927 1891 uno,
938 1818 1084 1897 applicare

76 1910 187 1971 missam
204 1926 263 1989 pro
281 1906 335 1966 illo
352 1905 385 1963 in
397 1903 527 1981 generali
541 1921 610 1964 com
624 1904 707 1981 aliis3
720 1905 776 1967 nisi
799 1904 903 1965 mitem
914 1903 970 1965 sub
986 1904 1084 1966 eondi-

77 1994 166 2067 tione‚
179 2009 292 2072 nempe
300 1987 395 2051 modo
405 1990 456 2051 ille
467 2007 529 2050 non
541 1987 743 2052 defraudetur.

109 2079 279 2141 Notandum
297 2074 365 2146 hio,
384 2075 465 2154 qudd
482 2075 660 2137 sacrificium
677 2077 791 2150 missso,
805 2076 837 2136 in
857 2082 1001 2154 quantum
1014 2093 1083 2154 per·

76 2161 143 2225 tinct
153 2165 192 2225 ad
215 2164 347 2223 fructum
359 2159 573 2238 principalem,
587 2169 648 2220 tam
664 2161 783 2239 prodest
792 2165 818 2219 si
829 2159 969 2222 oderetur
980 2161 996 2220 d
1006 2162 1084 2222 malo

77 2249 218 2310 sacerdote
228 2242 362 2324 ‚qudmd
375 2244 454 2305 bono
464 2242 549 2316 ,edm
559 2244 643 2305 valor
655 2247 752 2306 missae
764 2246 803 2305 sit
814 2263 851 2304 ex
863 2261 952 2323 opere
963 2254 1083 2320 operato

77 2335 201 2408 pendens
222 2331 376 2392 inmeritis
398 2328 531 2390 Christi:
553 2331 586 2390 in
610 2340 756 2408 quantum
778 2337 878 2390 autem
900 2329 1029 2406 pertinet
1047 2328 1084 2389 ad

78 2418 198 2480 linctum
219 2433 363 2496 precum,
378 2431 444 2492 quae
460 2415 493 2475 in
514 2417 600 2476 missa
622 2416 782 2487 dicuntur,
795 2416 866 2492 ipsae
878 2417 967 2475 etiam
984 2415 1084 2476 valent

76 2503 177 2565 lactei
193 2502 347 2564 sacerdote
358 2509 509 2579 peccatore
522 2543 531 2573 ,
545 2501 691 2578 quatenns
706 2499 755 2560 hie
774 2510 841 2562 oret
860 2500 981 2560 nomino
994 2501 1085 2558 Eccle

77 2589 136 2663 sie,
146 2591 218 2670 qnia
231 2587 359 2648 Ecclesia
379 2604 499 2664 semper
511 2595 555 2648 ost
568 2588 630 2647 Deo
642 2595 724 2665 grata
737 2609 747 2663 3
764 2585 846 2646 secde
864 2583 1008 2662 quatends
1019 2596 1084 2646 orat

77 2675 190 2735 nomine
202 2673 336 2753 proprio.
351 2673 394 2732 lta
406 2671 438 2730 S.
454 2669 509 2730 Tit.
523 2671 553 2728 5.
563 2689 595 2748 p.
611 2688 641 2750 q.
654 2673 703 2732 81.
717 2677 776 2730 ert.
792 2673 822 2730 6.
843 2669 918 2728 llinc
931 2668 1005 2728 dixit
1017 2667 1085 2730 Ale-

76 2757 183 2820 aoodcr
203 2760 280 2836 Papa
297 2755 385 2834 (Coo.
407 2758 458 2816 91.
479 2772 571 2814 causo
591 2757 619 2814 1.
638 2771 690 2833 qo.
711 2754 753 2833 1.)
765 2779 777 2816 .·
789 2751 954 2816 Sacerdotes
972 2757 1084 2834 quanto

77 2837 216 2920 dipniorcs
226 2835 359 2922 fuerint,
369 2841 453 2902 tonici
463 2835 586 2918 fooilids
595 2857 650 2920 pro
659 2837 766 2920 quidus
775 2836 905 2901 clamant
916 2840 1085 2902 exaudiun-

25 2972 29 2980 ,
78 2929 130 2986 tur.
139 2931 246 2990 Censet
256 2934 356 2988 sotem
371 2929 412 2986 D.
431 2924 487 2986 Tio.
499 2922 519 2985 l.
533 2943 559 2985 c.
574 2933 636 2986 ort.
648 2927 679 2986 7.
690 2924 731 2988 cd
756 2928 785 2988 5.
800 2928 880 3006 qudd
897 2930 922 2990 si
935 2929 1084 2990 celebrans

79 3018 116 3070 est
132 3014 420 3082 excommunicatos,
438 3012 512 3089 poio
523 3018 567 3072 est
583 3011 624 3074 od
635 3011 771 3076 Ecclesiae
780 3013 894 3075 unitate
909 3023 1082 3096 separatus,
1195 3074 1205 3091 ,,

78 3098 218 3159 orationes
227 3097 291 3178 ejus
300 3087 460 3176 efficaciam
470 3114 532 3157 noo
544 3095 663 3160 dobeot.
676 3101 712 3160 Et
720 3099 776 3163 hoe
789 3108 863 3178 puto
873 3099 971 3160 verilis
984 3100 1084 3159 dioen-

79 3177 159 3257 dom,
173 3182 323 3260 loquendo
340 3183 378 3241 de
395 3184 649 3245 excommunicato
662 3185 806 3257 vitando,
819 3187 991 3244 cnmllooe.
1011 3202 1037 3244 o.
1052 3187 1081 3244 1.

78 3283 122 3345 qo.
132 3270 161 3328 5.
171 3288 198 3329 r.
210 3272 240 3330 1.
254 3270 341 3348 Sper.
351 3286 386 3346 p.
400 3269 468 3327 158.
483 3287 516 3327 o.
535 3271 603 3330 511.
616 3271 761 3350 etLoym.
773 3268 992 3332 destinemus.
1015 3286 1041 3328 c.
1053 3272 1083 3330 1.

78 3369 104 3410 o.
115 3355 161 3414 11.
173 3361 278 3416 contro
291 3350 410 3414 Holzm.
424 3370 455 3432 p.
468 3355 517 3414 75.
530 3374 564 3414 o.
575 3357 644 3414 511.
661 3363 689 3415 ct
702 3355 791 3416 croix
807 3352 857 3414 tto.
870 3355 899 3412 6.
909 3371 941 3430 p.
952 3355 981 3412 1.
991 3371 1024 3412 o.
1033 3357 1081 3415 19.

78 3455 136 3499 coro
147 3441 237 3512 soto,
254 3439 347 3501 Gobr.
357 3439 427 3501 Dic.
440 3448 492 3502 etc.
506 3442 703 3502 Probabiliter
714 3441 786 3501 vend
806 3440 879 3499 dicit
898 3442 1004 3520 Loym.
1017 3460 1083 3502 curn

79 3522 176 3597 ladio,
197 3532 225 3585 ct
244 3522 505 3598 eommuni,scci1s
522 3545 584 3586 esse
604 3523 642 3585 de
662 3526 915 3588 excommunicato
937 3525 1082 3597 tolerato,

81 3608 142 3680 quia
161 3610 286 3671 Ecclesia
301 3611 518 3687 permittendo,
540 3609 619 3688 qudd
639 3609 739 3670 fideles
758 3611 906 3687 postulent
926 3612 1026 3672 missas
1045 3610 1082 3670 ab
