2450 3975
287 120 676 208 capnoesatofauane.
692 125 814 188 outo.
830 128 895 188 or.
911 98 957 190 is
1058 135 1115 195 uo

103 227 151 294 rio
171 227 243 290 levis
256 244 318 288 non
336 232 380 287 εει
392 244 480 303 capax
507 224 604 303 gravis
624 224 819 304 obligationis.
834 230 893 287 Nec
905 230 1017 305 obstat,
1034 232 1114 311 qudd

103 321 321 377 sacramentum
343 318 461 370 mancat
476 308 689 387 incompletnm
702 352 710 382 ‚
723 328 791 371 nam
806 312 878 371 illud
891 312 953 389 jem
970 325 1014 377 est
1034 336 1114 377 com-

103 402 220 481 pletum
242 395 454 471 essentialiter3
468 394 627 472 completio
651 403 751 455 autem
772 394 921 475 integralis
939 417 993 479 per
1022 409 1115 463 mate·

102 491 181 551 riam
194 489 289 548 levem
306 502 367 545 non
379 482 490 560 obligat
502 481 559 542 nisi
580 482 686 543 leviter
697 480 858 544 secundum
872 488 1036 549 materiam.
1051 490 1113 549 Du-

102 570 190 633 bium
212 571 319 639 vertit,
335 568 454 645 quando
471 567 593 627 materia
610 567 792 644 poenitentioe
808 576 852 627 est
869 571 975 647 gravis.

141 655 250 717 Paa'mo
260 651 405 716 sententio
419 650 580 729 probabilis
599 660 631 711 et
651 652 837 712 communior
849 653 922 715 dicit
939 673 1000 716 esso
1014 675 1112 736 peeca-

101 749 170 800 tum
184 756 271 817 grave
285 739 367 799 illam
381 738 540 809 omittere,
559 736 601 795 ita
617 738 719 817 Lupo,
734 743 763 796 ct
776 733 856 797 Poll.
870 734 902 797 ll.
915 757 954 799 cc.
967 744 1044 802 Boo.
1058 762 1109 823 qu.

101 826 132 885 5.
144 832 212 885 sect.
233 826 261 884 5.
271 842 305 903 p.
320 824 350 883 1.
364 840 397 881 o.
411 822 442 881 1.
452 822 544 881 llooc.
559 838 625 902 cop.
638 822 667 881 2.
678 839 707 901 q.
721 822 750 882 2.
767 838 793 879 r.
807 822 838 883 2.
854 824 984 884 Coccina
993 845 1027 906 p.
1044 828 1111 889 475.

100 929 135 970 o.
153 910 203 969 11.
222 904 315 968 Saura.
327 905 363 966 de
382 904 520 984 poenite.
541 907 591 965 10.
604 924 637 985 p.
657 906 688 965 d.
706 924 738 966 o.
752 907 801 967 6⁸2.
813 906 890 967 circo
901 905 1038 987 fimllsc.
1057 908 1109 972 tit.

101 994 151 1053 17.
162 1012 196 1054 o.
209 994 278 1053 206.
290 1010 357 1051 cum
373 990 499 1069 Heomq.
514 991 586 1051 Coo.
595 993 670 1071 Fcp.
684 999 710 1051 ct
720 992 842 1071 Nupoo.
855 992 957 1064 Ratio,
970 996 1038 1073 quia
1049 1015 1112 1074 gra·

98 1080 177 1139 vitas
193 1080 241 1138 vel
263 1077 365 1138 levitas
381 1074 471 1153 hujus
483 1075 671 1152 obligationis
687 1093 746 1135 non
762 1078 891 1137 sumitur
915 1096 951 1139 ex
967 1083 1111 1159 gravitate

98 1180 211 1232 causae,
225 1178 332 1239 nempe
352 1160 463 1239 peccati
489 1160 636 1232 confessi,
656 1160 708 1221 sed
738 1176 774 1221 ex
801 1163 922 1223 materie
945 1175 1108 1245 precepta,

99 1249 214 1309 scilicet
226 1246 408 1324 penitentiae
428 1246 585 1323 imposito.

136 1331 273 1398 Secundo
285 1330 431 1394 cententio
442 1328 515 1391 veria
533 1330 603 1389 satis
619 1328 779 1408 probabilis
800 1329 974 1411 negathanc
998 1333 1110 1415 obliga-

100 1419 213 1483 tionem
236 1436 299 1478 esse
316 1434 458 1494 gravem,
477 1417 518 1475 ita
540 1418 621 1476 Nan.
645 1434 711 1497 cop.
731 1418 780 1477 lt.
797 1436 831 1477 o.
855 1418 905 1477 15.
930 1419 1019 1479 Suor.
1043 1418 1065 1481 l.
1081 1440 1107 1483 c.

102 1506 208 1581 [epm.
225 1521 293 1583 cop.
305 1504 353 1562 15.
370 1520 404 1560 o.
423 1502 454 1562 7.
467 1499 571 1561 Dione
587 1520 620 1581 p.
636 1503 664 1561 5.
688 1508 774 1561 tract.
795 1503 824 1562 lo.
840 1521 867 1562 r.
884 1504 952 1564 156.
967 1506 1056 1585 Spor.
1073 1526 1105 1569 o.

99 1590 170 1647 515.
185 1595 215 1648 ει
231 1586 415 1665 probabilem
427 1594 532 1663 putant
544 1589 624 1666 Lupo
639 1604 671 1645 o.
684 1588 732 1645 76.
744 1588 898 1647 Mozzotto
915 1596 936 1648 t.
951 1591 979 1649 5.
995 1609 1026 1670 p.
1039 1592 1106 1653 581.

102 1672 206 1733 Toeto.
222 1690 288 1751 cop.
302 1672 332 1730 2.
349 1688 381 1729 o.
399 1670 507 1729 boum
529 1672 623 1729 Beier.
638 1676 667 1729 ct
681 1669 770 1730 Croicc
787 1690 818 1729 o.
838 1673 924 1731 1779.
942 1692 1008 1733 cum
1027 1676 1107 1749 Sota,

100 1752 210 1817 rotat.
232 1752 304 1815 Fitt
329 1751 399 1813 Led.
421 1760 450 1813 et
468 1753 588 1814 Averso.
604 1755 690 1813 Ratio
705 1798 714 1825 ‚
732 1756 801 1831 quia
822 1753 879 1815 lroc
898 1774 965 1815 casu
984 1760 1107 1821 materia

97 1842 301 1903 satisfactionis
320 1840 465 1917 impositae
488 1857 548 1899 non
580 1848 625 1899 est
652 1841 811 1899 necessaria
843 1840 875 1901 in
899 1851 1043 1919 quantum
1064 1856 1108 1909 εει

98 1928 218 2008 gravis3
233 1926 312 1985 unde
323 1927 398 1985 sieut
411 1924 604 1986 confessarius
623 1940 684 1986 non
699 1926 877 1997 tenebatur,
896 1926 957 1990 imo
979 1947 1033 1990 nec
1053 1949 1107 2011 po·

98 2019 176 2073 terat
189 2013 271 2072 illam
285 2012 438 2089 imponere
456 2011 513 2071 sub
529 2011 612 2088 gravi
630 2053 638 2082 ‚
655 2011 694 2071 ita
717 2029 771 2070 nec
785 2012 929 2088 poenitens
943 2013 997 2074 sub
1024 2017 1106 2096 gravi

97 2096 271 2174 adimplere.
286 2097 347 2156 Nec
361 2095 439 2155 valet
455 2094 553 2156 dicere
568 2139 576 2166 ‚
592 2093 673 2173 qudd
690 2096 863 2174 poenitentia
885 2115 946 2156 non
971 2105 1015 2158 est
1031 2120 1107 2162 com·

97 2179 294 2242 mensuranda
314 2189 534 2257 compescam,
550 2180 601 2240 sed
624 2198 690 2239 cum
706 2198 790 2258 poena
803 2182 957 2256 temporali
978 2183 1016 2242 ob
1038 2203 1107 2263 pec·

96 2275 199 2326 catum
208 2264 331 2339 debita3
347 2282 415 2323 nam
429 2265 624 2343 respondetur
636 2267 664 2324 l.
678 2263 763 2338 Quod
780 2264 804 2323 si
816 2261 873 2324 hoc
891 2274 984 2334 esset,
1003 2269 1106 2346 utiquc

96 2350 219 2410 deberet
230 2365 285 2427 pro
304 2348 437 2426 quolibet
453 2349 559 2408 veniali
577 2349 676 2428 gravis
701 2347 814 2425 imponi
828 2348 1020 2426 ponticano,
1036 2350 1105 2415 ciam

97 2435 258 2512 unicuique
270 2433 376 2493 veniali
387 2434 483 2511 gravis
494 2477 504 2506 ,
516 2433 753 2511 imdgravissima
765 2431 1104 2516 debeaturpoena.Resp.

97 2522 127 2581 7.
143 2517 223 2596 qaidd
241 2537 277 2578 ex
294 2519 470 2580 Tridentino
492 2519 668 2598 poenitentia
689 2515 868 2596 injungendo
888 2525 932 2578 est
953 2537 1009 2600 pro
1031 2538 1107 2600 qaro-

97 2603 180 2666 la'totc
192 2602 371 2677 crisolaum,
391 2623 453 2666 non
477 2615 575 2664 autem
592 2623 697 2683 poenae.
716 2605 816 2665 Sentio
830 2612 929 2663 temen
946 2604 1105 2668 dicendum

98 2707 166 2750 cum
184 2685 347 2769 Rooeoplio
358 2687 418 2766 (cui
434 2691 580 2750 consentit
592 2691 684 2749 etiam
708 2692 810 2768 Lepon.
826 2685 846 2747 l.
864 2687 902 2766 c.)
918 2689 996 2766 qudd
1011 2692 1035 2749 si
1052 2709 1106 2770 per

96 2773 229 2834 accidens
240 2783 355 2849 peccata
379 2775 429 2834 illa
444 2775 570 2834 venialia
590 2773 676 2833 valde
698 2772 889 2850 disponerent
913 2775 1105 2852 poenitentem

95 2858 131 2916 ad
149 2858 293 2929 mortale,
311 2867 382 2918 tune
395 2869 491 2938 posset
504 2859 696 2920 confessarius
713 2875 834 2934 gravem·
845 2859 871 2918 ei
885 2859 1036 2936 imponere
1049 2879 1106 2938 poe·

96 2943 270 3013 minutiam,
285 2951 320 3002 ut
342 2943 440 3022 ipsum
453 2953 603 3005 removeat
625 2941 642 3004 ὲ
663 2943 794 3022 periculo
816 2944 953 3021 peccandi
973 2945 1106 3005 mortali·

96 3036 159 3102 tor3
172 3035 202 3086 et
214 3033 287 3088 tunc
309 3029 459 3088 tenebitur
477 3029 623 3108 poenitens
636 3073 644 3099 ,
662 3029 686 3087 si
700 3029 771 3088 velit
783 3029 893 3090 absolvi
905 3073 913 3102 ,
925 3029 1007 3088 illam
1025 3046 1107 3089 acce·

96 3119 179 3189 ptare
193 3118 224 3170 ct
241 3110 414 3189 adimplere.
432 3115 574 3173 Preterea
591 3131 716 3185 censeo,
741 3111 820 3190 qudd
840 3114 864 3172 si
876 3181 878 3184 ¹
891 3113 1037 3190 poeniteus
1050 3129 1104 3191 pro

95 3195 269 3255 mortalibus
280 3197 416 3257 confessis
434 3197 610 3276 condignam
620 3216 680 3258 non
696 3199 789 3274 egerit
800 3198 1002 3277 poenitentiam
1016 3206 1104 3268 ‚tuno

95 3279 120 3338 si
136 3277 246 3340 iterium
265 3281 368 3340 eadem
379 3288 494 3360 peccata
507 3283 638 3342 clavibus
654 3281 807 3358 subjiciat,
822 3279 898 3342 bend
916 3282 1103 3359 potoritcon·

95 3363 229 3423 icssarius
241 3382 360 3442 gravem
377 3366 532 3446 injungere
546 3367 750 3446 poenitentiam
764 3388 774 3444 3
792 3375 822 3428 ει
841 3366 985 3445 poenitens
997 3409 1006 3438 ‚
1020 3365 1044 3425 si
1056 3383 1103 3424 ac-

97 3454 217 3526 ceptet,
237 3457 356 3510 tenetur
370 3470 434 3512 eam
447 3452 582 3529 implere.

135 3532 181 3592 An
202 3543 301 3596 autem
324 3536 557 3600 circumstantias
586 3535 767 3615 poenitentiae
795 3535 940 3614 impositae
970 3541 1103 3595 tencatur
