2450 3975
228 233 301 311 Cap.
315 231 345 291 5.
359 229 405 291 De
417 226 550 290 Euobor.
564 237 600 292 ut
610 234 655 290 est
666 225 856 306 sacrificium.
870 229 949 292 Dub
965 232 994 291 5.
1053 230 1112 292 955

99 336 209 415 leym.
224 341 263 393 tr.
279 334 308 393 5.
323 351 348 393 4.
364 335 394 392 6.
409 351 439 391 4.
454 331 504 392 99.
515 333 594 393 Βο4.
612 350 643 412 p.
659 332 688 392 9.
704 350 736 391 n.
755 331 805 392 95.
827 333 909 392 Cont.
928 336 1039 394 Tourn.
1054 329 1108 393 loe.

99 423 149 482 cit.
166 439 196 480 v.
211 419 312 493 Quaer.
323 420 353 478 7.
365 419 454 478 Itone.
466 419 533 497 eti.
545 434 574 496 q.
592 419 621 476 4.
645 425 674 476 et
698 417 787 478 Croiu
804 435 869 477 curn
887 419 961 478 Gau.
978 421 1071 498 Pnsq.
1083 423 1113 476 ct

99 502 170 566 olic's
181 502 308 584 possim.
322 502 426 576 Retio,
440 502 508 578 quio
528 501 559 560 iu
572 501 735 561 Pontificali
751 502 838 561 Rom.
852 501 967 561 tontum
985 501 1111 562 habetur

97 588 267 649 benedictio
280 588 318 646 de
328 585 455 664 pyxide,
467 586 550 644 nullo
571 594 670 645 nutem
683 585 724 645 ibi
738 585 851 644 mentio
868 585 903 644 fit
915 585 952 643 de
970 587 1110 646 unctione

96 670 278 733 chrismatis.
294 673 370 730 Item
390 670 422 729 in
436 670 546 730 Rituuli
564 670 650 729 Rom.
669 668 835 730 benedictio
855 669 972 748 pyxidis
987 677 1110 731 annoto·

96 768 148 820 tur
169 759 250 818 inter
266 773 333 826 ens,
347 774 414 832 444
432 772 494 813 444
515 754 650 832 indigent
666 755 804 814 unctione
816 752 992 814 chrismatis.

135 844 207 903 585.
227 872 267 884 -
285 839 390 899 Dubit.
410 839 440 898 9.
463 839 510 898 dn
533 839 618 918 pyxis
645 838 750 900 debeat
777 838 882 899 saltem
911 837 1045 900 benedici
1071 837 1108 898 dc

94 927 268 1006 precepto?

130 1009 243 1070 Princo
265 1004 411 1068 sententia
435 1005 582 1077 affirmat,
604 1015 634 1067 ct
659 1005 735 1068 bane
755 1016 856 1069 tenent
881 1010 964 1069 Cont.
994 1009 1105 1070 Tourn.

93 1093 166 1155 ibid.
180 1111 251 1154 curn
261 1089 381 1171 sylvio,
398 1089 492 1152 Solen.
508 1100 546 1152 tr.
563 1094 592 1152 b.
614 1110 640 1152 4.
656 1095 685 1151 4.
709 1111 741 1172 p.
769 1096 799 1153 4.
819 1113 852 1153 n.
866 1093 915 1152 99.
939 1111 1006 1152 euno
1028 1095 1103 1155 Gon.

92 1187 121 1238 et
132 1181 205 1260 ch.
215 1179 288 1238 item
298 1175 786 1238 1444444.Β444.Μ444Ιι.441444.
799 1177 880 1258 opud
895 1177 983 1238 croire
996 1197 1027 1238 n.
1036 1181 1103 1239 548.

91 1263 166 1322 item
180 1262 294 1325 Bened.
309 1263 359 1324 XI
365 1264 401 1322 V.
416 1258 513 1338 Notif.
531 1263 581 1321 94.ι
595 1279 629 1320 4.
645 1263 694 1320 49.
714 1271 742 1321 et
757 1261 860 1322 Escob.
876 1259 897 1321 l.
919 1265 969 1322 99.
990 1282 1021 1321 4.
1035 1266 1103 1324 449.

90 1348 143 1424 qui
158 1356 261 1408 temen
270 1355 356 1425 putat
368 1345 558 1405 omissionem
570 1343 661 1422 hujus
672 1346 883 1406 benedictionis
895 1364 954 1405 uon
968 1347 1106 1408 excedere

90 1433 212 1511 culpem
223 1432 380 1492 venialem.
397 1429 543 1489 Probatur
562 1448 598 1490 ex
621 1431 748 1492 Rubrien
771 1431 892 1490 Missolis
907 1449 938 1510 p.
958 1433 986 1491 9.
1008 1431 1052 1491 n't.
1074 1435 1102 1492 9.

89 1533 123 1577 4.
138 1519 169 1576 5.
182 1517 237 1578 ubi
251 1517 381 1576 dicitur:
396 1513 432 1574 Si
446 1513 580 1575 sacerdos
590 1523 634 1575 est
650 1523 871 1576 consecraturus
879 1513 980 1596 piures
994 1513 1105 1578 boetius

7 1645 10 1649 »
88 1618 145 1682 pro
160 1599 365 1663 communione
381 1596 536 1678 socienda,
554 1596 627 1659 locet
643 1617 692 1660 eus
710 1618 799 1680 super
811 1597 960 1678 corporale
972 1608 1040 1659 onte
1055 1620 1105 1661 eu-

88 1681 195 1763 ticem,
211 1694 267 1746 out
284 1684 319 1744 in
339 1683 440 1764 aliquo
456 1679 544 1742 colice
554 1693 739 1760 consecrato,
757 1679 803 1744 uei
814 1701 882 1744 uase
894 1683 1005 1744 mundo
1022 1682 1105 1746 bene·

87 1767 177 1830 dicto.
201 1771 346 1838 Praeterea
364 1767 508 1846 probetur
522 1769 658 1840 ratione,
678 1765 822 1844 quiahoc
839 1767 925 1826 vaide
947 1770 1102 1846 eonvenit3

87 1853 111 1911 si
126 1853 213 1912 enim
227 1852 380 1929 corporale
392 1895 401 1920 ‚
413 1850 445 1909 in
461 1868 522 1927 quo
533 1869 622 1910 socrae
635 1851 744 1930 species
762 1850 799 1910 od
817 1849 967 1912 modicum
986 1859 1109 1932 tempus·

87 1943 234 2009 monent,
257 1936 391 1997 benedici
413 1934 521 2009 debet,
549 1935 660 2014 quuntd
688 1935 780 2017 magis
803 1935 1036 1997 benedicendum
1058 1945 1102 2000 est

88 2023 243 2082 vasculum
260 2022 291 2081 in
309 2038 368 2099 quo
384 2020 438 2080 diu
454 2030 603 2099 noctuque
620 2022 679 2082 ilice
695 2026 928 2083 conservantur?
941 2024 977 2081 Et
993 2021 1059 2085 idcb
1069 2024 1101 2085 in

88 2103 201 2166 Bit-unii
212 2107 378 2185 assignatur
398 2106 530 2183 specialis
542 2106 709 2166 benedictio
726 2124 780 2185 pro
799 2103 986 2168 tabernaculo
999 2106 1045 2185 (ut
1058 2108 1100 2168 ibi

88 2188 211 2268 dicitur)
236 2209 288 2251 seu
311 2186 431 2251 ooseuin
453 2208 509 2270 pro
539 2198 728 2251 sacrosancta
752 2190 956 2251 Euchariston.
981 2192 1100 2253 Accedit

87 2271 222 2335 doctrino
233 2278 275 2335 D.
293 2274 347 2335 Tb.
364 2291 395 2354 q.
414 2276 463 2335 89.
483 2292 530 2334 44.
544 2277 573 2335 5.
590 2276 641 2334 ubi
661 2274 697 2335 od
716 2274 925 2353 probandum,
939 2272 1100 2353 quddper-

88 2359 178 2423 tinent
190 2362 229 2423 nd
244 2360 423 2421 sacerdotem
437 2359 615 2450 dispensatio
636 2359 845 2430 Eucharistiae,
859 2358 950 2418 dicit:
967 2360 1006 2417 In
1021 2376 1099 2422 reue-

87 2446 215 2507 rentiam
232 2444 323 2525 buius
337 2443 518 2505 sacramenti
525 2488 534 2519 ,
546 2441 661 2503 dnulta
675 2462 706 2503 rc
721 2442 902 2523 eouctinpitur
915 2444 1098 2521 (Sacramen-

88 2530 162 2607 tum)
174 2530 238 2591 nisi
246 2532 431 2604 consecrate,
446 2527 524 2589 unde
532 2536 561 2589 et
570 2524 737 2607 corporate,
750 2535 779 2587 et
789 2524 869 2587 enlin
878 2538 1095 2605 consecrantur,

88 2620 116 2671 et
126 2613 265 2676 similiter
278 2632 388 2675 munus
408 2612 577 2674 sucerdotis.

124 2700 258 2761 Secundo
276 2698 424 2761 sententio
446 2707 577 2757 ettamen
593 2706 701 2775 negot,
722 2706 753 2758 ct
778 2696 855 2758 bane
876 2704 979 2759 teuent
992 2718 1095 2779 quem-

89 2782 185 2857 piures
207 2802 310 2866 graves
335 2786 410 2856 ΑΑ.,
440 2802 550 2862 nempe
573 2785 664 2843 Suur.
685 2783 716 2845 d.
747 2786 795 2845 84.
814 2802 839 2845 s.
858 2785 887 2844 7.
911 2786 990 2846 Azor
1009 2806 1040 2869 p.
1063 2792 1092 2849 4.

89 2861 109 2926 l.
123 2869 169 2928 to.
183 2890 208 2932 4.
222 2872 273 2931 97.
284 2888 315 2949 q.
327 2871 357 2929 7.
367 2866 439 2929 riti.
453 2867 593 2929 deEueb.
607 2886 640 2928 n.
656 2870 724 2929 455.
739 2872 853 2949 19444.
867 2872 896 2929 9.
910 2890 940 2930 4.
953 2870 1091 2951 unsytv.

89 2966 117 3009 υ.
133 2954 264 3017 Eucbnr.
278 2957 308 3014 5.
324 2972 353 3033 q.
368 2956 399 3013 4.
416 2956 503 3035 Spor.
523 2973 555 3013 n.
579 2956 648 3013 tot.
669 2973 735 3014 curn
754 2956 843 3035 Vusq.
864 2963 893 3015 ct
912 2958 1004 3035 Pnsq.
1021 2958 1092 3017 item

88 3032 187 3115 Setos,
204 3038 325 3100 Coninc.
351 3037 424 3101 Tub.
440 3058 475 3098 44
487 3039 591 3117 Nupn.
605 3056 657 3118 op.
672 3038 775 3101 Escob.
789 3060 820 3100 n.
835 3041 903 3101 497.
919 3050 948 3100 et
960 3040 1095 3117 probabi·

90 3114 144 3180 144
163 3132 269 3201 putent
292 3124 416 3196 Diona,
435 3142 467 3204 p.
483 3125 513 3184 9.
532 3130 618 3201 trost.
644 3126 672 3181 4.
696 3142 722 3184 r.
747 3127 814 3185 480.
829 3143 863 3184 ue
880 3126 961 3202 Lupo
988 3121 1018 3181 d.
1040 3125 1089 3183 99.

90 3218 120 3259 n·
140 3206 188 3267 99.
213 3227 281 3268 curn
293 3206 422 3289 Henriq.
440 3216 471 3268 et
484 3211 624 3287 annun.
645 3210 751 3281 Retio,
771 3209 841 3287 quia
861 3210 906 3285 (ut
924 3206 1022 3284 ajunt)
1054 3206 1091 3268 de
1116 3258 1118 3265 ,

88 3278 142 3347 hoc
162 3292 268 3353 nullibi
288 3291 417 3353 babetur
434 3310 606 3370 expressum
630 3300 831 3371 praeceptum3
851 3308 906 3349 nec
922 3290 1092 3353 pontificale

90 3379 178 3435 certos
193 3394 247 3437 nos
266 3378 386 3447 reddit,
402 3373 470 3437 ciun
490 3377 532 3436 ibi
554 3378 742 3455 assignentur
764 3372 982 3433 benedictiones
1001 3376 1091 3438 etium

89 3468 141 3531 pro
155 3462 302 3540 componis
312 3508 320 3536 ,
329 3470 360 3522 et
373 3462 466 3521 thecis
475 3463 671 3539 reliquiarum
683 3504 691 3531 ‚
704 3478 770 3536 quoe
781 3467 881 3517 tamen
895 3460 1003 3519 nonde
1020 3481 1091 3539 prae·

90 3551 168 3617 oepto
179 3590 188 3617 ‚
199 3548 248 3608 sod
260 3546 376 3608 tantitm
387 3547 424 3606 de
438 3546 629 3624 congruentia
646 3542 873 3603 benedicuntur.
889 3544 1090 3606 Haecsecundu

89 3632 226 3693 sententia
244 3650 305 3695 non
323 3632 442 3694 videtur
454 3630 673 3710 improbabilis,
687 3628 791 3687 saltem
807 3628 845 3686 ob
862 3634 1013 3691 tentorum
1023 3632 1090 3689 DD.
