2450 3975
110 166 169 231 tot
348 164 414 233 tit.
429 168 459 229 o.
477 166 574 230 Traat.
592 166 620 227 5.
632 162 884 229 Deb'mlmriatia.

107 270 203 349 ieiuni
218 271 436 333 eommuniaore
454 270 589 349 panim,
610 277 647 332 ut
667 266 747 331 recto
763 268 867 331 dicuat
889 266 982 333 Satn.
994 268 1068 335 ibid.
1085 290 1121 333 n.

110 358 161 417 89.
175 364 202 417 et
214 353 354 436 Wiqaadt
367 358 466 416 tali.
478 374 509 416 a.
524 356 574 416 ta.
673 420 677 427 ,
1021 362 1025 369 ’

150 441 348 502 Dubitaturi.
361 442 407 502 du
427 441 561 501 sacerdos
580 438 754 501 ministram
775 439 925 502 viaticum
950 442 1041 519 possit
1064 445 1128 507 ali-

111 524 229 603 quando
250 526 389 588 omittere
416 526 504 587 verba
527 527 577 585 illa
605 526 638 585 in
671 524 782 585 Rituali
809 526 978 604 prescripta
998 528 1125 609 :Accipe

115 607 281 687 Viennam,
300 618 355 672 eta.
375 612 492 689 Negant
504 606 638 671 Gleriaat.
660 606 696 671 de
709 606 806 669 Eualt.
826 607 1125 673 6161961961
1166 606 1173 615 ’
1223 662 1224 667 ,

115 693 216 757 Tamb.
231 694 360 773 Quarti,
380 712 416 755 aa
430 692 518 757 Card.
537 698 681 756 Branoat.
697 711 749 775 ap.
774 690 809 753 de
821 691 906 755 Atax.
921 692 1035 774 Confer.
1050 699 1125 759 Mo-

110 774 186 839 niai.
207 798 233 841 a.
249 782 297 841 19.
309 778 336 859 ς.
345 782 374 841 6.
388 796 418 859 q.
431 780 482 841 at.
497 778 562 839 tina
578 778 648 857 quia
668 776 714 857 (ut
737 777 851 857 dicunt)
875 779 1010 856 predicta
1030 778 1123 839 verba

108 871 180 923 aunt
194 863 279 924 valde
297 864 443 943 proficua,
460 872 565 941 utpote
584 864 622 925 ab
644 863 769 925 Ecclesia
788 863 924 924 ordinata
940 884 948 923 a
965 862 1028 925 tium
1048 864 1121 940 quia

109 945 224 1008 llituale
237 950 402 1009 Romanum
416 948 482 1007 iacit
498 947 548 1025 jus
566 948 662 1027 quoad
676 965 786 1026 eaquae
803 949 834 1008 in
854 948 916 1027 ipsa
927 948 1124 1026 praescribun-

108 1038 179 1102 tur,
193 1031 262 1093 adm
274 1028 391 1094 Paulae
404 1036 440 1095 V.
453 1035 485 1093 in
495 1052 546 1093 sua
557 1033 637 1093 bulla
653 1033 782 1103 dixerit,
795 1030 936 1093 inviolate
957 1032 1118 1095 obteniant.

108 1114 301 1177 Probabiliter
314 1117 385 1179 verb
397 1118 547 1179 affirmant
557 1114 836 1196 ipsededlexeadro
847 1124 876 1177 at
890 1113 1072 1181 remittat.
1088 1120 1119 1179 1.

107 1217 132 1260 a.
146 1203 174 1262 1.
189 1201 272 1283 §Aa
286 1223 318 1265 a.
333 1207 364 1265 6.
375 1206 541 1285 affara,
568 1220 635 1263 casu
660 1220 721 1281 quo
743 1202 878 1263 infirmus
897 1220 1000 1281 magna
1025 1205 1119 1265 animi

108 1285 227 1349 tristitid
249 1290 489 1351 communionem
512 1306 567 1367 per
589 1287 713 1349 modum
734 1287 839 1347 viatici
861 1289 900 1349 sit
917 1294 1119 1365 suscepturus.

105 1372 151 1431 dd
168 1375 493 1435 satislaaiendumenim
507 1382 653 1452 praeoepto
672 1372 778 1435 Viatioi
797 1390 858 1433 non
880 1371 1044 1451 requiritur
1069 1374 1121 1433 in-

107 1459 200 1519 tentio
214 1459 406 1519 satisfaciendi
420 1502 429 1530 ‚
441 1458 493 1519 aed
511 1457 621 1518 sufficit
637 1465 671 1518 ut
684 1466 813 1535 ponatur
830 1475 906 1535 opus
922 1465 1119 1536 praeaeptum,

103 1540 186 1618 juxta
202 1543 278 1603 diota
300 1542 335 1603 de
346 1545 421 1603 Hor.
435 1561 502 1604 aon.
517 1540 568 1604 tit.
589 1544 621 1603 1.
634 1543 797 1602 numlld.
809 1551 860 1601 aut
884 1542 987 1603 saltem
1009 1542 1121 1603 suffieit

104 1627 231 1687 intentio
258 1627 480 1706 interpretativa
499 1626 693 1687 satisfaciendi
719 1626 911 1705 obligationi,
931 1644 999 1706 que
1017 1630 1115 1705 magis

106 1721 204 1789 urget.
214 1712 317 1786 Quoad
330 1711 381 1773 illa
404 1721 503 1773 autem
515 1709 635 1772 varbab
655 1712 764 1772 Rituali
783 1712 969 1789 praescripta,
998 1726 1121 1789 respon·

105 1793 382 1858 detdedienaadm
398 1792 633 1877 aamPiaaateti.
654 1803 676 1855 t.
699 1790 863 1857 9601111ιὶ.
882 1796 930 1855 56.
948 1792 973 1875 S.
992 1794 1116 1875 Neque,

104 1878 184 1957 qudd
198 1898 258 1941 non
274 1883 373 1940 omnia
387 1881 419 1940 in
434 1882 541 1944 llituali
560 1880 730 1959 praecripta
753 1880 857 1941 cadant
881 1879 1117 1957 subpromum,

102 1962 155 2024 sed
175 1964 309 2041 quadam
326 1965 366 2026 ibi
385 1966 599 2045 precipiuntur
611 1964 667 2025 sub
683 1962 861 2043 obligatione
877 1963 995 2025 aliunde
1009 1981 1119 2043 prove·

99 2049 219 2118 niente,
239 2048 374 2125 quedam
385 2047 456 2110 verb
468 2050 707 2127 praescribuntur
721 2049 838 2111 tantiam
850 2049 887 2110 de
899 2049 1030 2110 decentia
1041 2069 1050 2108 ε
1060 2067 1117 2112 nea

103 2131 236 2192 Pontifex
247 2131 414 2193 extrahitea
423 2133 460 2193 ab
474 2134 580 2194 ordine
594 2153 650 2196 ruo
664 2177 674 2205 ,
686 2132 738 2194 sed
751 2133 848 2194 solum
861 2133 970 2205 efficit,
985 2141 1020 2194 ut
1033 2134 1114 2194 intra

102 2215 236 2278 ordinem
253 2235 340 2277 suum
352 2217 432 2278 reete
452 2218 631 2297 procedant3
649 2218 738 2280 verba
751 2219 832 2282 enim
847 2218 937 2279 bullar
948 2216 1011 2278 haea
1022 2229 1113 2279 sunt:

103 2301 288 2382 Quapropter
298 2299 454 2364 bar-tamur
464 2301 796 2383 Eptbaapoamiaarioa,
818 2302 980 2384 parochos,
1004 2310 1058 2364 eta.
1080 2313 1117 2364 at

100 2385 136 2446 ia
158 2387 305 2467 paeterim
324 2387 480 2450 constituto
493 2385 610 2451 Ilitaali
634 2387 668 2446 in
690 2385 785 2449 adoria
802 2385 1006 2468 [tenatioribus
1023 2394 1116 2448 utan-

101 2477 161 2549 tur,
173 2479 202 2531 et
213 2470 247 2531 ia
266 2490 297 2532 re
318 2471 396 2532 tanti
404 2470 564 2545 moerenti,
583 2490 651 2554 qaae
665 2469 807 2534 catholica
814 2470 964 2544 Ecclesia,
986 2480 1014 2533 et
1027 2471 1064 2534 ab
1078 2491 1116 2534 aa

98 2555 239 2636 probatae
256 2555 646 2638 asmantiqaitatiaatatait
657 2553 797 2620 inviolate
818 2555 977 2618 observent.
995 2557 1071 2636 Ergo
1083 2567 1115 2619 to

98 2639 240 2703 inuiolati
255 2641 404 2704 obsera-eat
424 2638 540 2702 antam
563 2641 683 2722 reapioit
710 2659 745 2701 aa
766 2659 832 2723 qua
852 2639 993 2721 (aliunde)
1011 2638 1113 2702 Eccle-

98 2723 167 2796 aia,
185 2725 363 2804 etprobataa
383 2744 457 2788 aare
478 2723 670 2809 antiquitatis
695 2725 812 2787 statuit.
835 2722 999 2797 Ceterum,
1024 2725 1112 2802 quid·

98 2807 171 2885 quid
184 2809 224 2866 ait
239 2807 277 2867 de
297 2808 354 2870 hoa
365 2819 477 2888 punato
488 2855 497 2884 ‚
507 2811 622 2872 etiamsi
636 2811 735 2872 omnia
749 2810 897 2870 inllituali
910 2809 1045 2869 caderent
1056 2809 1113 2872 sub

97 2900 264 2971 praecepto,
294 2894 376 2953 nullo
406 2895 495 2956 moda
515 2904 610 2975 potest
630 2894 687 2956 diei
699 2939 707 2966 ‚
720 2893 800 2972 quod
813 2902 994 2972 praeceptum
1015 2895 1115 2973 prase-

97 2976 182 3038 rendi
203 2975 253 3036 illa
273 2977 496 3041 verbainduaat
518 2996 640 3057 gravem
667 2977 899 3057 obligationem
920 2977 1009 3037 verba
1030 2978 1113 3040 enim

97 3081 163 3140 quae
185 3061 425 3134 substituuntur,
447 3062 561 3143 Carpat
574 3061 702 3125 Dantiai
722 3061 819 3124 nostri
832 3064 906 3123 lesa
918 3059 1043 3142 Christi,
1057 3070 1111 3126 etc.

95 3145 190 3226 reipsb
207 3146 286 3210 idem
295 3147 480 3226 significant,
494 3158 524 3209 et
537 3157 712 3228 operantur.
732 3147 777 3209 Ad
792 3146 990 3208 excusandum
1005 3145 1109 3208 varab

97 3242 214 3310 peccato
238 3234 367 3307 veniali,
390 3234 422 3295 in
447 3252 516 3295 casu
545 3242 647 3294 nostro
669 3231 745 3293 bend
767 3232 914 3294 sufficiens
936 3233 995 3293 erit
1022 3250 1110 3294 eausa

101 3318 237 3379 mutandi
261 3319 310 3379 illa
337 3320 424 3380 verba
441 3363 450 3393 ‚
466 3338 505 3379 ne
522 3319 660 3380 infirmus
689 3335 794 3396 magno
808 3335 934 3377 maerore
947 3317 1110 3378 afficiatur.

60 3396 63 3428 ²
135 3401 204 3459 286.
217 3433 257 3446 -
273 3426 287 3455 ι
308 3403 461 3483 Denique,
478 3401 548 3464 liabt
567 3400 720 3481 probabile
739 3401 873 3461 videatur
887 3397 958 3461 Fili.
974 3407 996 3462 t.
1019 3401 1049 3460 1.
1065 3406 1110 3460 tr.

96 3505 110 3534 2·
133 3481 293 3542 616919.
311 3487 399 3548 card.
420 3487 455 3548 de
474 3489 556 3569 tayo
570 3487 600 3547 id
616 3484 696 3564 quod
708 3485 816 3547 docent
830 3483 909 3566 Mnj.
933 3483 966 3544 ia
980 3487 1009 3545 1.
1031 3483 1063 3546 d.
1077 3487 1110 3545 9.

97 3583 110 3609 a
134 3575 198 3636 cap.
213 3563 243 3619 5.
258 3566 346 3624 Fero.
365 3568 400 3628 da
414 3569 521 3632 bared.
535 3579 589 3632 ata.
609 3571 726 3651 [haym.
743 3567 814 3636 verb
835 3565 858 3629 1.
873 3571 903 3630 b.
926 3578 948 3632 t.
971 3571 1003 3632 1.
1028 3587 1054 3655 a.
1076 3570 1109 3632 6.
