<?xml version="1.0" encoding="UTF-8"?>
<!DOCTYPE html PUBLIC "-//W3C//DTD XHTML 1.0 Transitional//EN"
    "http://www.w3.org/TR/xhtml1/DTD/xhtml1-transitional.dtd">
<html xmlns="http://www.w3.org/1999/xhtml" xml:lang="en" lang="en">
 <head>
  <title>
</title>
<meta http-equiv="Content-Type" content="text/html;charset=utf-8" />
  <meta name='ocr-system' content='tesseract 3.04.00' />
  <meta name='ocr-capabilities' content='ocr_page ocr_carea ocr_par ocr_line ocrx_word'/>
</head>
<body>
  <div class='ocr_page' id='page_1' title='image "./theologiamorali00heilgoog_0482.png"; bbox 0 0 2450 3975; ppageno 0'>
   <div class='ocr_carea' id='block_1_1' title="bbox 138 214 900 297">
    <p class='ocr_par' dir='ltr' id='par_1_1' title="bbox 138 214 900 297">
     <span class='ocr_line' id='line_1_1' title="bbox 138 214 900 297; baseline -0.02 -7"><span class='ocrx_word' id='word_1_1' title='bbox 138 223 197 289; x_wconf 75' lang='grc'><strong>151</strong></span> <span class='ocrx_word' id='word_1_2' title='bbox 377 218 442 285; x_wconf 73' lang='lat' dir='ltr'><strong>cit.</strong></span> <span class='ocrx_word' id='word_1_3' title='bbox 454 220 485 281; x_wconf 98' lang='grc'><strong>6.</strong></span> <span class='ocrx_word' id='word_1_4' title='bbox 502 220 601 280; x_wconf 80' lang='lat' dir='ltr'><strong>Trcct.</strong></span> <span class='ocrx_word' id='word_1_5' title='bbox 616 218 647 277; x_wconf 81' lang='grc'><strong>1.</strong></span> <span class='ocrx_word' id='word_1_6' title='bbox 663 218 706 277; x_wconf 81' lang='lat' dir='ltr'><strong>lic</strong></span> <span class='ocrx_word' id='word_1_7' title='bbox 714 214 900 297; x_wconf 79' lang='lat' dir='ltr'><strong>penitentia.</strong></span> 
     </span>
    </p>
   </div>
   <div class='ocr_carea' id='block_1_2' title="bbox 135 320 1145 489">
    <p class='ocr_par' dir='ltr' id='par_1_2' title="bbox 135 320 1145 489">
     <span class='ocr_line' id='line_1_2' title="bbox 136 320 1145 399; baseline -0.001 -10"><span class='ocrx_word' id='word_1_8' title='bbox 136 326 205 389; x_wconf 79' lang='lat' dir='ltr'><strong>tlt.</strong></span> <span class='ocrx_word' id='word_1_9' title='bbox 219 332 249 387; x_wconf 81' lang='lat' dir='ltr'><strong>st</strong></span> <span class='ocrx_word' id='word_1_10' title='bbox 261 324 394 387; x_wconf 69' lang='lat' dir='ltr'><strong>stoica.</strong></span> <span class='ocrx_word' id='word_1_11' title='bbox 413 322 501 381; x_wconf 69' lang='lat' dir='ltr'><strong>itas.</strong></span> <span class='ocrx_word' id='word_1_12' title='bbox 520 336 588 380; x_wconf 80' lang='lat' dir='ltr'><strong>cum</strong></span> <span class='ocrx_word' id='word_1_13' title='bbox 597 322 696 399; x_wconf 80' lang='lat' dir='ltr'><strong>lupa,</strong></span> <span class='ocrx_word' id='word_1_14' title='bbox 717 320 741 379; x_wconf 89' lang='lat' dir='ltr'><strong>si</strong></span> <span class='ocrx_word' id='word_1_15' title='bbox 756 328 900 381; x_wconf 87' lang='lat' dir='ltr'><strong>cresante</strong></span> <span class='ocrx_word' id='word_1_16' title='bbox 918 321 1028 385; x_wconf 88' lang='lat' dir='ltr'><strong>ostium</strong></span> <span class='ocrx_word' id='word_1_17' title='bbox 1047 325 1145 388; x_wconf 82' lang='lat' dir='ltr'><strong>Ecclc·</strong></span> 
     </span>
     <span class='ocr_line' id='line_1_3' title="bbox 135 405 643 489; baseline -0.012 -18"><span class='ocrx_word' id='word_1_18' title='bbox 135 410 205 480; x_wconf 79' lang='lat' dir='ltr'><strong>sicr,</strong></span> <span class='ocrx_word' id='word_1_19' title='bbox 221 410 339 489; x_wconf 83' lang='lat' dir='ltr'><strong>quaudo</strong></span> <span class='ocrx_word' id='word_1_20' title='bbox 355 405 429 467; x_wconf 91' lang='lat' dir='ltr'><strong>illud</strong></span> <span class='ocrx_word' id='word_1_21' title='bbox 442 414 488 467; x_wconf 80' lang='lat' dir='ltr'><strong>art</strong></span> <span class='ocrx_word' id='word_1_22' title='bbox 501 406 643 465; x_wconf 86' lang='lat' dir='ltr'><strong>clausum.</strong></span> 
     </span>
    </p>
   </div>
   <div class='ocr_carea' id='block_1_3' title="bbox 136 486 1211 3694">
    <p class='ocr_par' dir='ltr' id='par_1_3' title="bbox 136 486 1211 1081">
     <span class='ocr_line' id='line_1_4' title="bbox 174 486 1145 571; baseline 0.003 -17"><span class='ocrx_word' id='word_1_23' title='bbox 174 496 273 567; x_wconf 80' lang='lat' dir='ltr'><strong>Quoer.</strong></span> <span class='ocrx_word' id='word_1_24' title='bbox 287 494 339 553; x_wconf 85' lang='lat' dir='ltr'><strong>Xl.</strong></span> <span class='ocrx_word' id='word_1_25' title='bbox 354 494 401 553; x_wconf 76' lang='lat' dir='ltr'><strong>lu</strong></span> <span class='ocrx_word' id='word_1_26' title='bbox 419 508 475 571; x_wconf 83' lang='lat' dir='ltr'><strong>pro</strong></span> <span class='ocrx_word' id='word_1_27' title='bbox 495 490 679 566; x_wconf 70' lang='lat' dir='ltr'><strong>eleemosyna</strong></span> <span class='ocrx_word' id='word_1_28' title='bbox 699 486 830 565; x_wconf 87' lang='lat' dir='ltr'><strong>injuncta</strong></span> <span class='ocrx_word' id='word_1_29' title='bbox 847 490 878 549; x_wconf 94' lang='lat' dir='ltr'><strong>in</strong></span> <span class='ocrx_word' id='word_1_30' title='bbox 887 488 1009 568; x_wconf 76' lang='lat' dir='ltr'><strong>jubilaeo</strong></span> <span class='ocrx_word' id='word_1_31' title='bbox 1021 486 1145 556; x_wconf 70' lang='lat' dir='ltr'><strong>sufficiat</strong></span> 
     </span>
     <span class='ocr_line' id='line_1_5' title="bbox 136 571 1211 655; baseline 0.001 -17"><span class='ocrx_word' id='word_1_32' title='bbox 136 579 207 639; x_wconf 90' lang='lat' dir='ltr'><strong>dare</strong></span> <span class='ocrx_word' id='word_1_33' title='bbox 223 577 386 655; x_wconf 74' lang='lat' dir='ltr'>quamlibet</span> <span class='ocrx_word' id='word_1_34' title='bbox 400 579 566 636; x_wconf 78' lang='lat' dir='ltr'><strong>summam?</strong></span> <span class='ocrx_word' id='word_1_35' title='bbox 578 576 613 633; x_wconf 88' lang='lat' dir='ltr'><strong>ln</strong></span> <span class='ocrx_word' id='word_1_36' title='bbox 632 571 689 633; x_wconf 88' lang='lat' dir='ltr'><strong>boc</strong></span> <span class='ocrx_word' id='word_1_37' title='bbox 708 574 856 652; x_wconf 74' lang='lat' dir='ltr'><strong>praecipue</strong></span> <span class='ocrx_word' id='word_1_38' title='bbox 879 575 1055 654; x_wconf 86' lang='lat' dir='ltr'><strong>attendenda</strong></span> <span class='ocrx_word' id='word_1_39' title='bbox 1076 589 1145 640; x_wconf 88' lang='lat' dir='ltr'><strong>sunt</strong></span> <span class='ocrx_word' id='word_1_40' title='bbox 1210 590 1211 651; x_wconf 77' lang='lat' dir='ltr'><strong>t</strong></span> 
     </span>
     <span class='ocr_line' id='line_1_6' title="bbox 136 656 1145 741; baseline 0.004 -22"><span class='ocrx_word' id='word_1_41' title='bbox 136 662 226 721; x_wconf 83' lang='lat' dir='ltr'><strong>verba</strong></span> <span class='ocrx_word' id='word_1_42' title='bbox 243 662 351 722; x_wconf 90' lang='lat' dir='ltr'><strong>indulti</strong></span> <span class='ocrx_word' id='word_1_43' title='bbox 361 682 371 736; x_wconf 73' lang='grc' dir='ltr'><strong>ς</strong></span> <span class='ocrx_word' id='word_1_44' title='bbox 383 678 451 721; x_wconf 89' lang='lat' dir='ltr'><strong>nam</strong></span> <span class='ocrx_word' id='word_1_45' title='bbox 465 660 490 719; x_wconf 89' lang='lat' dir='ltr'><strong>si</strong></span> <span class='ocrx_word' id='word_1_46' title='bbox 500 660 532 719; x_wconf 92' lang='lat' dir='ltr'><strong>in</strong></span> <span class='ocrx_word' id='word_1_47' title='bbox 546 676 581 718; x_wconf 90' lang='lat' dir='ltr'><strong>co</strong></span> <span class='ocrx_word' id='word_1_48' title='bbox 590 656 724 717; x_wconf 83' lang='lat' dir='ltr'><strong>dicatur:</strong></span> <span class='ocrx_word' id='word_1_49' title='bbox 742 659 897 732; x_wconf 58' lang='lat' dir='ltr'><strong>mantum</strong></span> <span class='ocrx_word' id='word_1_50' title='bbox 906 676 1030 739; x_wconf 74' lang='lat' dir='ltr'><strong>prosus</strong></span> <span class='ocrx_word' id='word_1_51' title='bbox 1041 660 1145 741; x_wconf 82' lang='lat' dir='ltr'><strong>cuique</strong></span> 
     </span>
     <span class='ocr_line' id='line_1_7' title="bbox 136 742 1143 829; baseline -0.002 -22"><span class='ocrx_word' id='word_1_52' title='bbox 136 743 280 829; x_wconf 74' lang='lat' dir='ltr'><strong>[multata</strong></span> <span class='ocrx_word' id='word_1_53' title='bbox 294 748 391 807; x_wconf 82' lang='lat' dir='ltr'><strong>virum</strong></span> <span class='ocrx_word' id='word_1_54' title='bbox 409 742 603 824; x_wconf 59' lang='lat' dir='ltr'><strong>fuerintque</strong></span> <span class='ocrx_word' id='word_1_55' title='bbox 626 744 774 819; x_wconf 76' lang='lat' dir='ltr'><strong>quantitas</strong></span> <span class='ocrx_word' id='word_1_56' title='bbox 788 752 907 823; x_wconf 89' lang='lat' dir='ltr'><strong>oportet</strong></span> <span class='ocrx_word' id='word_1_57' title='bbox 925 746 1143 823; x_wconf 88' lang='lat' dir='ltr'><strong>proportiauari</strong></span> 
     </span>
     <span class='ocr_line' id='line_1_8' title="bbox 137 826 1143 909; baseline -0.003 -17"><span class='ocrx_word' id='word_1_58' title='bbox 137 830 280 909; x_wconf 77' lang='lat' dir='ltr'><strong>cujusque</strong></span> <span class='ocrx_word' id='word_1_59' title='bbox 297 830 501 898; x_wconf 76' lang='lat' dir='ltr'><strong>facultatibus,</strong></span> <span class='ocrx_word' id='word_1_60' title='bbox 515 828 597 888; x_wconf 86' lang='lat' dir='ltr'><strong>unde</strong></span> <span class='ocrx_word' id='word_1_61' title='bbox 612 826 740 888; x_wconf 85' lang='lat' dir='ltr'><strong>sufficiet</strong></span> <span class='ocrx_word' id='word_1_62' title='bbox 764 829 887 905; x_wconf 85' lang='lat' dir='ltr'><strong>pauperi</strong></span> <span class='ocrx_word' id='word_1_63' title='bbox 913 828 985 889; x_wconf 88' lang='lat' dir='ltr'><strong>darc</strong></span> <span class='ocrx_word' id='word_1_64' title='bbox 1000 828 1143 902; x_wconf 88' lang='lat' dir='ltr'><strong>obolum,</strong></span> 
     </span>
     <span class='ocr_line' id='line_1_9' title="bbox 138 912 1145 995; baseline -0.001 -18"><span class='ocrx_word' id='word_1_65' title='bbox 138 934 199 977; x_wconf 86' lang='lat' dir='ltr'><strong>nan</strong></span> <span class='ocrx_word' id='word_1_66' title='bbox 212 916 308 976; x_wconf 86' lang='lat' dir='ltr'><strong>diviti.</strong></span> <span class='ocrx_word' id='word_1_67' title='bbox 323 916 353 975; x_wconf 89' lang='lat' dir='ltr'><strong>Si</strong></span> <span class='ocrx_word' id='word_1_68' title='bbox 373 913 444 975; x_wconf 77' lang='lat' dir='ltr'><strong>verb</strong></span> <span class='ocrx_word' id='word_1_69' title='bbox 463 913 594 974; x_wconf 81' lang='lat' dir='ltr'><strong>dicitur:</strong></span> <span class='ocrx_word' id='word_1_70' title='bbox 610 913 706 973; x_wconf 77' lang='lat' dir='ltr'><strong>Proui</strong></span> <span class='ocrx_word' id='word_1_71' title='bbox 728 912 889 993; x_wconf 79' lang='lat' dir='ltr'><strong>articuiqrte</strong></span> <span class='ocrx_word' id='word_1_72' title='bbox 906 921 1039 995; x_wconf 79' lang='lat' dir='ltr'><strong>suqqerct</strong></span> <span class='ocrx_word' id='word_1_73' title='bbox 1061 914 1145 976; x_wconf 81' lang='lat' dir='ltr'><strong>decc-</strong></span> 
     </span>
     <span class='ocr_line' id='line_1_10' title="bbox 138 996 1143 1081; baseline 0 -19"><span class='ocrx_word' id='word_1_74' title='bbox 138 1001 197 1077; x_wconf 83' lang='lat' dir='ltr'><strong>tio,</strong></span> <span class='ocrx_word' id='word_1_75' title='bbox 212 999 259 1061; x_wconf 85' lang='lat' dir='ltr'><strong>uel</strong></span> <span class='ocrx_word' id='word_1_76' title='bbox 269 1008 416 1081; x_wconf 73' lang='lat' dir='ltr'><strong>querutum</strong></span> <span class='ocrx_word' id='word_1_77' title='bbox 428 997 551 1080; x_wconf 83' lang='lat' dir='ltr'><strong>quisquc</strong></span> <span class='ocrx_word' id='word_1_78' title='bbox 566 1014 622 1079; x_wconf 84' lang='lat' dir='ltr'><strong>pro</strong></span> <span class='ocrx_word' id='word_1_79' title='bbox 634 996 1043 1077; x_wconf 72' lang='lat' dir='ltr'><strong>crbibicjudicavcrit,tunc</strong></span> <span class='ocrx_word' id='word_1_80' title='bbox 1052 1002 1143 1081; x_wconf 68' lang='lat' dir='ltr'><strong>resq.</strong></span> 
     </span>
    </p>

    <p class='ocr_par' dir='ltr' id='par_1_4' title="bbox 137 1080 1211 1419">
     <span class='ocr_line' id='line_1_11' title="bbox 137 1080 1211 1165; baseline -0.002 -18"><span class='ocrx_word' id='word_1_81' title='bbox 137 1103 168 1165; x_wconf 91' lang='lat' dir='ltr'><strong>q.</strong></span> <span class='ocrx_word' id='word_1_82' title='bbox 185 1088 252 1147; x_wconf 72' lang='grc'><strong>163.</strong></span> <span class='ocrx_word' id='word_1_83' title='bbox 263 1085 334 1146; x_wconf 91' lang='lat' dir='ltr'><strong>dicit</strong></span> <span class='ocrx_word' id='word_1_84' title='bbox 345 1086 562 1163; x_wconf 77' lang='lat' dir='ltr'><strong>eleemosynam</strong></span> <span class='ocrx_word' id='word_1_85' title='bbox 576 1081 752 1159; x_wconf 74' lang='lat' dir='ltr'><strong>erogandam</strong></span> <span class='ocrx_word' id='word_1_86' title='bbox 772 1081 857 1159; x_wconf 87' lang='lat' dir='ltr'><strong>juxta</strong></span> <span class='ocrx_word' id='word_1_87' title='bbox 872 1080 1016 1161; x_wconf 80' lang='lat' dir='ltr'><strong>cujusque</strong></span> <span class='ocrx_word' id='word_1_88' title='bbox 1026 1085 1146 1145; x_wconf 79' lang='lat' dir='ltr'><strong>faculta-</strong></span> <span class='ocrx_word' id='word_1_89' title='bbox 1210 1154 1211 1157; x_wconf 8' lang='grc' dir='ltr'><strong>Ἴ</strong></span> 
     </span>
     <span class='ocr_line' id='line_1_12' title="bbox 138 1164 1211 1249; baseline -0.001 -19"><span class='ocrx_word' id='word_1_90' title='bbox 138 1180 193 1231; x_wconf 81' lang='lat' dir='ltr'><strong>tes.</strong></span> <span class='ocrx_word' id='word_1_91' title='bbox 207 1168 264 1229; x_wconf 87' lang='lat' dir='ltr'><strong>Sed</strong></span> <span class='ocrx_word' id='word_1_92' title='bbox 277 1171 313 1229; x_wconf 83' lang='lat' dir='ltr'><strong>F.</strong></span> <span class='ocrx_word' id='word_1_93' title='bbox 331 1166 473 1230; x_wconf 76' lang='lat' dir='ltr'><strong>rtcouar.</strong></span> <span class='ocrx_word' id='word_1_94' title='bbox 486 1169 506 1226; x_wconf 86' lang='lat' dir='ltr'><strong>d</strong></span> <span class='ocrx_word' id='word_1_95' title='bbox 518 1166 598 1248; x_wconf 82' lang='lat' dir='ltr'><strong>Spir.</strong></span> <span class='ocrx_word' id='word_1_96' title='bbox 613 1167 646 1226; x_wconf 90' lang='lat' dir='ltr'><strong>S.</strong></span> <span class='ocrx_word' id='word_1_97' title='bbox 657 1164 693 1226; x_wconf 86' lang='lat' dir='ltr'><strong>dc</strong></span> <span class='ocrx_word' id='word_1_98' title='bbox 701 1164 789 1249; x_wconf 72' lang='lat' dir='ltr'><strong>jotti.</strong></span> <span class='ocrx_word' id='word_1_99' title='bbox 800 1184 825 1226; x_wconf 84' lang='lat' dir='ltr'><strong>c.</strong></span> <span class='ocrx_word' id='word_1_100' title='bbox 839 1168 869 1226; x_wconf 87' lang='grc'><strong>6.</strong></span> <span class='ocrx_word' id='word_1_101' title='bbox 881 1165 907 1246; x_wconf 72' lang='lat' dir='ltr'><strong>S.</strong></span> <span class='ocrx_word' id='word_1_102' title='bbox 923 1168 953 1227; x_wconf 75' lang='lat' dir='ltr'><strong>a.</strong></span> <span class='ocrx_word' id='word_1_103' title='bbox 967 1186 1001 1227; x_wconf 82' lang='lat' dir='ltr'><strong>rs.</strong></span> <span class='ocrx_word' id='word_1_104' title='bbox 1017 1170 1048 1230; x_wconf 70' lang='lat'><strong>2.</strong></span> <span class='ocrx_word' id='word_1_105' title='bbox 1067 1179 1147 1229; x_wconf 85' lang='lat' dir='ltr'><strong>tenet</strong></span> <span class='ocrx_word' id='word_1_106' title='bbox 1210 1194 1211 1243; x_wconf 65' lang='lat' dir='ltr'><strong>t</strong></span> 
     </span>
     <span class='ocr_line' id='line_1_13' title="bbox 138 1250 1147 1333; baseline -0.003 -17"><span class='ocrx_word' id='word_1_107' title='bbox 138 1250 273 1317; x_wconf 83' lang='lat' dir='ltr'><strong>sulliccre</strong></span> <span class='ocrx_word' id='word_1_108' title='bbox 291 1254 454 1333; x_wconf 74' lang='lat' dir='ltr'>quamlibet</span> <span class='ocrx_word' id='word_1_109' title='bbox 475 1254 564 1314; x_wconf 89' lang='lat' dir='ltr'><strong>etiam</strong></span> <span class='ocrx_word' id='word_1_110' title='bbox 582 1250 729 1312; x_wconf 85' lang='lat' dir='ltr'><strong>modicam</strong></span> <span class='ocrx_word' id='word_1_111' title='bbox 750 1252 955 1329; x_wconf 73' lang='lat' dir='ltr'><strong>quantitatem.</strong></span> <span class='ocrx_word' id='word_1_112' title='bbox 975 1251 1007 1311; x_wconf 85' lang='lat' dir='ltr'><strong>Si</strong></span> <span class='ocrx_word' id='word_1_113' title='bbox 1027 1254 1147 1313; x_wconf 88' lang='lat' dir='ltr'><strong>tandem</strong></span> 
     </span>
     <span class='ocr_line' id='line_1_14' title="bbox 139 1334 1146 1419; baseline -0.002 -18"><span class='ocrx_word' id='word_1_114' title='bbox 139 1340 249 1402; x_wconf 88' lang='lat' dir='ltr'><strong>dicitur</strong></span> <span class='ocrx_word' id='word_1_115' title='bbox 259 1341 449 1419; x_wconf 77' lang='lat' dir='ltr'><strong>simpliciterr</strong></span> <span class='ocrx_word' id='word_1_116' title='bbox 463 1336 523 1415; x_wconf 81' lang='lat' dir='ltr'><strong>Qui</strong></span> <span class='ocrx_word' id='word_1_117' title='bbox 534 1336 644 1399; x_wconf 83' lang='lat' dir='ltr'><strong>dederit</strong></span> <span class='ocrx_word' id='word_1_118' title='bbox 654 1334 879 1417; x_wconf 65' lang='lat' dir='ltr'><strong>eleemosynam,</strong></span> <span class='ocrx_word' id='word_1_119' title='bbox 890 1336 1146 1416; x_wconf 79' lang='lat' dir='ltr'><strong>distinguendum,</strong></span> 
     </span>
    </p>

    <p class='ocr_par' dir='ltr' id='par_1_5' title="bbox 139 1421 1146 1505">
     <span class='ocr_line' id='line_1_15' title="bbox 139 1421 1146 1505; baseline -0.004 -18"><span class='ocrx_word' id='word_1_120' title='bbox 139 1427 165 1487; x_wconf 91' lang='lat' dir='ltr'><strong>si</strong></span> <span class='ocrx_word' id='word_1_121' title='bbox 181 1428 257 1505; x_wconf 85' lang='lat' dir='ltr'><strong>Papa</strong></span> <span class='ocrx_word' id='word_1_122' title='bbox 277 1443 342 1486; x_wconf 85' lang='lat' dir='ltr'><strong>earn</strong></span> <span class='ocrx_word' id='word_1_123' title='bbox 366 1425 494 1504; x_wconf 88' lang='lat' dir='ltr'><strong>postulet</strong></span> <span class='ocrx_word' id='word_1_124' title='bbox 512 1421 629 1483; x_wconf 75' lang='lat' dir='ltr'><strong>tant-dm</strong></span> <span class='ocrx_word' id='word_1_125' title='bbox 651 1422 687 1481; x_wconf 92' lang='lat' dir='ltr'><strong>ad</strong></span> <span class='ocrx_word' id='word_1_126' title='bbox 704 1422 896 1482; x_wconf 79' lang='lat' dir='ltr'><strong>exercendam</strong></span> <span class='ocrx_word' id='word_1_127' title='bbox 917 1423 1146 1483; x_wconf 87' lang='lat' dir='ltr'><strong>misericordiam</strong></span> 
     </span>
    </p>

    <p class='ocr_par' dir='ltr' id='par_1_6' title="bbox 139 1506 1148 1927">
     <span class='ocr_line' id='line_1_16' title="bbox 139 1506 1146 1589; baseline -0.004 -16"><span class='ocrx_word' id='word_1_128' title='bbox 139 1513 172 1573; x_wconf 90' lang='lat' dir='ltr'><strong>in</strong></span> <span class='ocrx_word' id='word_1_129' title='bbox 193 1528 353 1589; x_wconf 79' lang='lat' dir='ltr'><strong>pauperes,</strong></span> <span class='ocrx_word' id='word_1_130' title='bbox 369 1519 441 1569; x_wconf 88' lang='lat' dir='ltr'><strong>tunc</strong></span> <span class='ocrx_word' id='word_1_131' title='bbox 461 1508 569 1569; x_wconf 84' lang='lat' dir='ltr'><strong>sufficit</strong></span> <span class='ocrx_word' id='word_1_132' title='bbox 581 1506 627 1585; x_wconf 87' lang='lat' dir='ltr'><strong>(ut</strong></span> <span class='ocrx_word' id='word_1_133' title='bbox 637 1508 708 1567; x_wconf 86' lang='lat' dir='ltr'><strong>dicit</strong></span> <span class='ocrx_word' id='word_1_134' title='bbox 721 1508 968 1585; x_wconf 80' lang='lat' dir='ltr'><strong>praebitusauctor</strong></span> <span class='ocrx_word' id='word_1_135' title='bbox 980 1526 1047 1569; x_wconf 90' lang='lat' dir='ltr'><strong>cum</strong></span> <span class='ocrx_word' id='word_1_136' title='bbox 1057 1512 1146 1571; x_wconf 83' lang='lat' dir='ltr'><strong>Suar.</strong></span> 
     </span>
     <span class='ocr_line' id='line_1_17' title="bbox 142 1589 1148 1672; baseline -0.002 -16"><span class='ocrx_word' id='word_1_137' title='bbox 142 1594 294 1668; x_wconf 76' lang='lat' dir='ltr'><strong>corduba,</strong></span> <span class='ocrx_word' id='word_1_138' title='bbox 308 1603 338 1656; x_wconf 85' lang='lat' dir='ltr'><strong>ct</strong></span> <span class='ocrx_word' id='word_1_139' title='bbox 349 1591 496 1672; x_wconf 63' lang='lat' dir='ltr'><strong>Mandro)</strong></span> <span class='ocrx_word' id='word_1_140' title='bbox 509 1592 578 1652; x_wconf 88' lang='lat' dir='ltr'><strong>darc</strong></span> <span class='ocrx_word' id='word_1_141' title='bbox 588 1592 751 1669; x_wconf 84' lang='lat' dir='ltr'><strong>quamlibet</strong></span> <span class='ocrx_word' id='word_1_142' title='bbox 760 1610 905 1651; x_wconf 86' lang='lat' dir='ltr'><strong>summam</strong></span> <span class='ocrx_word' id='word_1_143' title='bbox 918 1613 927 1667; x_wconf 78' lang='lat'>3</span> <span class='ocrx_word' id='word_1_144' title='bbox 940 1589 1059 1653; x_wconf 79' lang='lat' dir='ltr'><strong>scedasi</strong></span> <span class='ocrx_word' id='word_1_145' title='bbox 1074 1596 1148 1655; x_wconf 76' lang='lat' dir='ltr'><strong>clei·</strong></span> 
     </span>
     <span class='ocr_line' id='line_1_18' title="bbox 140 1675 1147 1759; baseline -0.001 -20"><span class='ocrx_word' id='word_1_146' title='bbox 140 1696 264 1758; x_wconf 86' lang='lat' dir='ltr'><strong>mosyna</strong></span> <span class='ocrx_word' id='word_1_147' title='bbox 281 1679 450 1759; x_wconf 76' lang='lat' dir='ltr'><strong>exposcitur</strong></span> <span class='ocrx_word' id='word_1_148' title='bbox 474 1678 506 1737; x_wconf 91' lang='lat' dir='ltr'><strong>in</strong></span> <span class='ocrx_word' id='word_1_149' title='bbox 525 1676 690 1737; x_wconf 87' lang='lat' dir='ltr'><strong>subsidium</strong></span> <span class='ocrx_word' id='word_1_150' title='bbox 711 1675 836 1753; x_wconf 86' lang='lat' dir='ltr'><strong>alicujus</strong></span> <span class='ocrx_word' id='word_1_151' title='bbox 852 1694 949 1755; x_wconf 84' lang='lat' dir='ltr'><strong>operae</strong></span> <span class='ocrx_word' id='word_1_152' title='bbox 974 1677 1050 1753; x_wconf 78' lang='lat' dir='ltr'><strong>pioe3</strong></span> <span class='ocrx_word' id='word_1_153' title='bbox 1069 1678 1147 1738; x_wconf 91' lang='lat' dir='ltr'><strong>idem</strong></span> 
     </span>
     <span class='ocr_line' id='line_1_19' title="bbox 140 1756 1147 1843; baseline -0.003 -20"><span class='ocrx_word' id='word_1_154' title='bbox 140 1773 245 1824; x_wconf 84' lang='lat' dir='ltr'><strong>auctor</strong></span> <span class='ocrx_word' id='word_1_155' title='bbox 260 1783 328 1824; x_wconf 88' lang='lat' dir='ltr'><strong>cum</strong></span> <span class='ocrx_word' id='word_1_156' title='bbox 343 1766 460 1824; x_wconf 84' lang='lat' dir='ltr'><strong>Passer.</strong></span> <span class='ocrx_word' id='word_1_157' title='bbox 476 1780 513 1823; x_wconf 79' lang='lat' dir='ltr'><strong>cc</strong></span> <span class='ocrx_word' id='word_1_158' title='bbox 523 1762 564 1823; x_wconf 86' lang='lat' dir='ltr'><strong>D.</strong></span> <span class='ocrx_word' id='word_1_159' title='bbox 580 1760 635 1823; x_wconf 84' lang='lat' dir='ltr'><strong>Tb.</strong></span> <span class='ocrx_word' id='word_1_160' title='bbox 647 1756 798 1843; x_wconf 74' lang='lat' dir='ltr'><strong>supplem.</strong></span> <span class='ocrx_word' id='word_1_161' title='bbox 816 1778 868 1841; x_wconf 85' lang='lat' dir='ltr'><strong>qu.</strong></span> <span class='ocrx_word' id='word_1_162' title='bbox 884 1762 934 1822; x_wconf 75' lang='lat' dir='ltr'><strong>att.</strong></span> <span class='ocrx_word' id='word_1_163' title='bbox 952 1767 1012 1821; x_wconf 81' lang='lat' dir='ltr'><strong>art.</strong></span> <span class='ocrx_word' id='word_1_164' title='bbox 1024 1762 1055 1822; x_wconf 73' lang='lat'><strong>2.</strong></span> <span class='ocrx_word' id='word_1_165' title='bbox 1067 1760 1108 1823; x_wconf 82' lang='lat' dir='ltr'><strong>tul</strong></span> <span class='ocrx_word' id='word_1_166' title='bbox 1118 1764 1147 1823; x_wconf 80' lang='lat'><strong>5.</strong></span> 
     </span>
     <span class='ocr_line' id='line_1_20' title="bbox 142 1846 503 1927; baseline -0.003 -19"><span class='ocrx_word' id='word_1_167' title='bbox 142 1848 193 1908; x_wconf 89' lang='lat' dir='ltr'><strong>ubl</strong></span> <span class='ocrx_word' id='word_1_168' title='bbox 212 1846 348 1927; x_wconf 72' lang='lat' dir='ltr'><strong>expresse</strong></span> <span class='ocrx_word' id='word_1_169' title='bbox 363 1847 394 1907; x_wconf 90' lang='lat' dir='ltr'><strong>id</strong></span> <span class='ocrx_word' id='word_1_170' title='bbox 407 1848 503 1907; x_wconf 88' lang='lat' dir='ltr'><strong>docet.</strong></span> 
     </span>
    </p>

    <p class='ocr_par' dir='ltr' id='par_1_7' title="bbox 141 1928 1211 2929">
     <span class='ocr_line' id='line_1_21' title="bbox 180 1928 1149 2014; baseline 0.001 -22"><span class='ocrx_word' id='word_1_171' title='bbox 180 1933 342 1994; x_wconf 83' lang='lat' dir='ltr'><strong>Dubitatur</strong></span> <span class='ocrx_word' id='word_1_172' title='bbox 358 1928 406 1994; x_wconf 84' lang='lat' dir='ltr'><strong>bic</strong></span> <span class='ocrx_word' id='word_1_173' title='bbox 426 1934 456 1993; x_wconf 92' lang='grc'><strong>1.</strong></span> <span class='ocrx_word' id='word_1_174' title='bbox 476 1950 514 1994; x_wconf 88' lang='lat' dir='ltr'><strong>an</strong></span> <span class='ocrx_word' id='word_1_175' title='bbox 532 1948 675 2014; x_wconf 80' lang='lat' dir='ltr'><strong>pauperat</strong></span> <span class='ocrx_word' id='word_1_176' title='bbox 686 1928 727 1991; x_wconf 81' lang='lat' dir='ltr'><strong>ad</strong></span> <span class='ocrx_word' id='word_1_177' title='bbox 741 1928 895 2007; x_wconf 80' lang='lat' dir='ltr'><strong>jubilaeum</strong></span> <span class='ocrx_word' id='word_1_178' title='bbox 912 1929 1089 1993; x_wconf 89' lang='lat' dir='ltr'><strong>lucrandum</strong></span> <span class='ocrx_word' id='word_1_179' title='bbox 1106 1940 1149 1993; x_wconf 86' lang='lat' dir='ltr'><strong>tc-</strong></span> 
     </span>
     <span class='ocr_line' id='line_1_22' title="bbox 141 2015 1149 2097; baseline 0.002 -21"><span class='ocrx_word' id='word_1_180' title='bbox 141 2027 269 2076; x_wconf 87' lang='lat' dir='ltr'><strong>ucantur</strong></span> <span class='ocrx_word' id='word_1_181' title='bbox 284 2018 379 2076; x_wconf 82' lang='lat' dir='ltr'><strong>lacere</strong></span> <span class='ocrx_word' id='word_1_182' title='bbox 396 2017 635 2097; x_wconf 74' lang='lat' dir='ltr'><strong>eleemosynam?</strong></span> <span class='ocrx_word' id='word_1_183' title='bbox 648 2019 762 2094; x_wconf 78' lang='lat' dir='ltr'><strong>Negant</strong></span> <span class='ocrx_word' id='word_1_184' title='bbox 778 2015 858 2076; x_wconf 83' lang='lat' dir='ltr'><strong>Nec.</strong></span> <span class='ocrx_word' id='word_1_185' title='bbox 882 2019 975 2076; x_wconf 72' lang='lat' dir='ltr'><strong>liena.</strong></span> <span class='ocrx_word' id='word_1_186' title='bbox 990 2024 1021 2076; x_wconf 85' lang='lat' dir='ltr'><strong>ct</strong></span> <span class='ocrx_word' id='word_1_187' title='bbox 1035 2015 1149 2078; x_wconf 79' lang='lat' dir='ltr'><strong>Leartd.</strong></span> 
     </span>
     <span class='ocr_line' id='line_1_23' title="bbox 141 2099 1151 2184; baseline 0 -22"><span class='ocrx_word' id='word_1_188' title='bbox 141 2099 225 2184; x_wconf 81' lang='lat' dir='ltr'><strong>apud</strong></span> <span class='ocrx_word' id='word_1_189' title='bbox 237 2100 367 2162; x_wconf 74' lang='lat' dir='ltr'><strong>cumdum</strong></span> <span class='ocrx_word' id='word_1_190' title='bbox 383 2107 463 2162; x_wconf 79' lang='lat' dir='ltr'><strong>curt.</strong></span> <span class='ocrx_word' id='word_1_191' title='bbox 478 2099 517 2164; x_wconf 77' lang='lat' dir='ltr'><strong>ib.</strong></span> <span class='ocrx_word' id='word_1_192' title='bbox 534 2120 566 2161; x_wconf 86' lang='lat' dir='ltr'><strong>a.</strong></span> <span class='ocrx_word' id='word_1_193' title='bbox 587 2105 619 2162; x_wconf 81' lang='grc'><strong>1.</strong></span> <span class='ocrx_word' id='word_1_194' title='bbox 633 2102 689 2164; x_wconf 87' lang='lat' dir='ltr'><strong>Sed</strong></span> <span class='ocrx_word' id='word_1_195' title='bbox 702 2099 885 2180; x_wconf 75' lang='lat' dir='ltr'><strong>probabilius</strong></span> <span class='ocrx_word' id='word_1_196' title='bbox 902 2100 1050 2162; x_wconf 87' lang='lat' dir='ltr'><strong>affirmant</strong></span> <span class='ocrx_word' id='word_1_197' title='bbox 1069 2103 1151 2163; x_wconf 88' lang='lat' dir='ltr'><strong>idem</strong></span> 
     </span>
     <span class='ocr_line' id='line_1_24' title="bbox 142 2184 1149 2266; baseline -0.002 -18"><span class='ocrx_word' id='word_1_198' title='bbox 142 2196 263 2254; x_wconf 85' lang='lat' dir='ltr'><strong>auctor,</strong></span> <span class='ocrx_word' id='word_1_199' title='bbox 276 2193 305 2246; x_wconf 87' lang='lat' dir='ltr'><strong>ct</strong></span> <span class='ocrx_word' id='word_1_200' title='bbox 324 2185 400 2248; x_wconf 81' lang='lat' dir='ltr'><strong>Viva</strong></span> <span class='ocrx_word' id='word_1_201' title='bbox 416 2187 586 2265; x_wconf 70' lang='lat' dir='ltr'><strong>quitari.</strong></span> <span class='ocrx_word' id='word_1_202' title='bbox 601 2187 631 2246; x_wconf 94' lang='grc'><strong>6.</strong></span> <span class='ocrx_word' id='word_1_203' title='bbox 645 2205 677 2246; x_wconf 82' lang='lat' dir='ltr'><strong>a.</strong></span> <span class='ocrx_word' id='word_1_204' title='bbox 695 2189 726 2246; x_wconf 73' lang='lat' dir='ltr'><strong>l.</strong></span> <span class='ocrx_word' id='word_1_205' title='bbox 740 2203 808 2246; x_wconf 79' lang='lat' dir='ltr'><strong>cum</strong></span> <span class='ocrx_word' id='word_1_206' title='bbox 819 2187 906 2246; x_wconf 79' lang='lat' dir='ltr'><strong>Base.</strong></span> <span class='ocrx_word' id='word_1_207' title='bbox 921 2184 1037 2247; x_wconf 75' lang='lat' dir='ltr'><strong>Gabai</strong></span> <span class='ocrx_word' id='word_1_208' title='bbox 1054 2189 1149 2266; x_wconf 84' lang='lat' dir='ltr'><strong>Pusq.</strong></span> 
     </span>
     <span class='ocr_line' id='line_1_25' title="bbox 142 2269 1150 2350; baseline -0.004 -16"><span class='ocrx_word' id='word_1_209' title='bbox 142 2280 209 2345; x_wconf 73' lang='lat' dir='ltr'><strong>cte,</strong></span> <span class='ocrx_word' id='word_1_210' title='bbox 232 2272 301 2350; x_wconf 85' lang='lat' dir='ltr'><strong>quir</strong></span> <span class='ocrx_word' id='word_1_211' title='bbox 322 2289 411 2331; x_wconf 88' lang='lat' dir='ltr'><strong>nemo</strong></span> <span class='ocrx_word' id='word_1_212' title='bbox 431 2277 475 2330; x_wconf 90' lang='lat' dir='ltr'><strong>est</strong></span> <span class='ocrx_word' id='word_1_213' title='bbox 491 2278 551 2329; x_wconf 74' lang='lat' dir='ltr'><strong>mm</strong></span> <span class='ocrx_word' id='word_1_214' title='bbox 572 2279 702 2350; x_wconf 78' lang='lat' dir='ltr'><strong>pauper,</strong></span> <span class='ocrx_word' id='word_1_215' title='bbox 722 2270 796 2348; x_wconf 89' lang='lat' dir='ltr'><strong>quia</strong></span> <span class='ocrx_word' id='word_1_216' title='bbox 815 2269 918 2330; x_wconf 87' lang='lat' dir='ltr'><strong>saltem</strong></span> <span class='ocrx_word' id='word_1_217' title='bbox 938 2269 1060 2331; x_wconf 90' lang='lat' dir='ltr'><strong>obulum</strong></span> <span class='ocrx_word' id='word_1_218' title='bbox 1079 2269 1150 2330; x_wconf 90' lang='lat' dir='ltr'><strong>dare</strong></span> 
     </span>
     <span class='ocr_line' id='line_1_26' title="bbox 142 2353 1150 2440; baseline -0.003 -22"><span class='ocrx_word' id='word_1_219' title='bbox 142 2357 245 2440; x_wconf 83' lang='lat' dir='ltr'><strong>possit.</strong></span> <span class='ocrx_word' id='word_1_220' title='bbox 268 2358 325 2417; x_wconf 84' lang='lat' dir='ltr'><strong>Pro</strong></span> <span class='ocrx_word' id='word_1_221' title='bbox 343 2355 487 2433; x_wconf 76' lang='lat' dir='ltr'><strong>religiosis</strong></span> <span class='ocrx_word' id='word_1_222' title='bbox 502 2354 594 2429; x_wconf 83' lang='lat' dir='ltr'><strong>verb,</strong></span> <span class='ocrx_word' id='word_1_223' title='bbox 619 2353 833 2434; x_wconf 86' lang='lat' dir='ltr'><strong>liliislamilias,</strong></span> <span class='ocrx_word' id='word_1_224' title='bbox 855 2355 1014 2426; x_wconf 83' lang='lat' dir='ltr'><strong>uxoribus,</strong></span> <span class='ocrx_word' id='word_1_225' title='bbox 1037 2363 1068 2415; x_wconf 88' lang='lat' dir='ltr'><strong>et</strong></span> <span class='ocrx_word' id='word_1_226' title='bbox 1088 2372 1150 2416; x_wconf 88' lang='lat' dir='ltr'><strong>ser·</strong></span> 
     </span>
     <span class='ocr_line' id='line_1_27' title="bbox 142 2439 1148 2518; baseline -0.005 -15"><span class='ocrx_word' id='word_1_227' title='bbox 142 2443 206 2514; x_wconf 85' lang='lat' dir='ltr'><strong>vis,</strong></span> <span class='ocrx_word' id='word_1_228' title='bbox 226 2440 349 2516; x_wconf 86' lang='lat' dir='ltr'><strong>sufficit,</strong></span> <span class='ocrx_word' id='word_1_229' title='bbox 375 2449 410 2500; x_wconf 86' lang='lat' dir='ltr'><strong>ut</strong></span> <span class='ocrx_word' id='word_1_230' title='bbox 429 2439 466 2499; x_wconf 80' lang='lat' dir='ltr'><strong>ab</strong></span> <span class='ocrx_word' id='word_1_231' title='bbox 482 2457 587 2501; x_wconf 88' lang='lat' dir='ltr'><strong>eorum</strong></span> <span class='ocrx_word' id='word_1_232' title='bbox 607 2439 809 2518; x_wconf 87' lang='lat' dir='ltr'><strong>superioribus</strong></span> <span class='ocrx_word' id='word_1_233' title='bbox 835 2439 923 2499; x_wconf 90' lang='lat' dir='ltr'><strong>detur</strong></span> <span class='ocrx_word' id='word_1_234' title='bbox 942 2440 1148 2518; x_wconf 73' lang='lat' dir='ltr'><strong>eleemosyna,</strong></span> 
     </span>
     <span class='ocr_line' id='line_1_28' title="bbox 142 2525 1211 2609; baseline 0 -17"><span class='ocrx_word' id='word_1_235' title='bbox 142 2531 215 2609; x_wconf 91' lang='lat' dir='ltr'><strong>ipsis</strong></span> <span class='ocrx_word' id='word_1_236' title='bbox 237 2528 415 2605; x_wconf 79' lang='lat' dir='ltr'><strong>scientibus3</strong></span> <span class='ocrx_word' id='word_1_237' title='bbox 435 2529 476 2588; x_wconf 86' lang='lat' dir='ltr'><strong>ita</strong></span> <span class='ocrx_word' id='word_1_238' title='bbox 498 2530 581 2608; x_wconf 76' lang='lat' dir='ltr'><strong>lupo</strong></span> <span class='ocrx_word' id='word_1_239' title='bbox 604 2526 673 2588; x_wconf 83' lang='lat' dir='ltr'><strong>dist.</strong></span> <span class='ocrx_word' id='word_1_240' title='bbox 698 2529 747 2588; x_wconf 75' lang='lat' dir='ltr'><strong>st.</strong></span> <span class='ocrx_word' id='word_1_241' title='bbox 772 2545 803 2588; x_wconf 85' lang='lat' dir='ltr'><strong>n.</strong></span> <span class='ocrx_word' id='word_1_242' title='bbox 827 2527 896 2588; x_wconf 81' lang='lat' dir='ltr'><strong>llll.</strong></span> <span class='ocrx_word' id='word_1_243' title='bbox 929 2527 1004 2590; x_wconf 79' lang='lat' dir='ltr'><strong>Vico</strong></span> <span class='ocrx_word' id='word_1_244' title='bbox 1028 2525 1050 2588; x_wconf 85' lang='grc'><strong>1.</strong></span> <span class='ocrx_word' id='word_1_245' title='bbox 1079 2545 1104 2587; x_wconf 90' lang='lat' dir='ltr'><strong>c.</strong></span> <span class='ocrx_word' id='word_1_246' title='bbox 1123 2534 1151 2586; x_wconf 83' lang='lat' dir='ltr'><strong>et</strong></span> <span class='ocrx_word' id='word_1_247' title='bbox 1210 2533 1211 2592; x_wconf 88' lang='lat' dir='ltr'><strong>i</strong></span> 
     </span>
     <span class='ocr_line' id='line_1_29' title="bbox 142 2611 1150 2695; baseline -0.006 -18"><span class='ocrx_word' id='word_1_248' title='bbox 142 2617 251 2695; x_wconf 85' lang='lat' dir='ltr'><strong>Sporer</strong></span> <span class='ocrx_word' id='word_1_249' title='bbox 271 2632 303 2694; x_wconf 87' lang='lat' dir='ltr'><strong>p.</strong></span> <span class='ocrx_word' id='word_1_250' title='bbox 327 2615 396 2674; x_wconf 71' lang='lat' dir='ltr'><strong>atti.</strong></span> <span class='ocrx_word' id='word_1_251' title='bbox 415 2631 499 2673; x_wconf 80' lang='lat' dir='ltr'><strong>aaut.</strong></span> <span class='ocrx_word' id='word_1_252' title='bbox 513 2615 581 2674; x_wconf 75' lang='lat'><strong>280.</strong></span> <span class='ocrx_word' id='word_1_253' title='bbox 600 2611 686 2686; x_wconf 78' lang='lat' dir='ltr'><strong>Quid</strong></span> <span class='ocrx_word' id='word_1_254' title='bbox 708 2613 732 2674; x_wconf 89' lang='lat' dir='ltr'><strong>si</strong></span> <span class='ocrx_word' id='word_1_255' title='bbox 753 2613 888 2691; x_wconf 83' lang='lat' dir='ltr'><strong>superior</strong></span> <span class='ocrx_word' id='word_1_256' title='bbox 903 2613 979 2673; x_wconf 87' lang='lat' dir='ltr'><strong>nolit</strong></span> <span class='ocrx_word' id='word_1_257' title='bbox 994 2613 1084 2684; x_wconf 88' lang='lat' dir='ltr'><strong>dare,</strong></span> <span class='ocrx_word' id='word_1_258' title='bbox 1106 2611 1150 2672; x_wconf 94' lang='lat' dir='ltr'><strong>di·</strong></span> 
     </span>
     <span class='ocr_line' id='line_1_30' title="bbox 142 2695 1149 2778; baseline -0.004 -18"><span class='ocrx_word' id='word_1_259' title='bbox 142 2708 214 2760; x_wconf 85' lang='lat' dir='ltr'><strong>cunt</strong></span> <span class='ocrx_word' id='word_1_260' title='bbox 239 2701 325 2760; x_wconf 78' lang='lat' dir='ltr'><strong>Boas.</strong></span> <span class='ocrx_word' id='word_1_261' title='bbox 349 2704 379 2759; x_wconf 86' lang='lat' dir='ltr'><strong>ct</strong></span> <span class='ocrx_word' id='word_1_262' title='bbox 400 2695 505 2757; x_wconf 81' lang='lat' dir='ltr'><strong>Dicas</strong></span> <span class='ocrx_word' id='word_1_263' title='bbox 525 2716 576 2778; x_wconf 86' lang='lat' dir='ltr'><strong>cp.</strong></span> <span class='ocrx_word' id='word_1_264' title='bbox 607 2697 713 2760; x_wconf 84' lang='lat' dir='ltr'><strong>Vicum</strong></span> <span class='ocrx_word' id='word_1_265' title='bbox 734 2716 819 2776; x_wconf 88' lang='lat' dir='ltr'><strong>posse</strong></span> <span class='ocrx_word' id='word_1_266' title='bbox 838 2695 990 2758; x_wconf 89' lang='lat' dir='ltr'><strong>subditum</strong></span> <span class='ocrx_word' id='word_1_267' title='bbox 1016 2699 1092 2758; x_wconf 89' lang='lat' dir='ltr'><strong>clam</strong></span> <span class='ocrx_word' id='word_1_268' title='bbox 1114 2697 1149 2756; x_wconf 92' lang='lat' dir='ltr'><strong>ab</strong></span> 
     </span>
     <span class='ocr_line' id='line_1_31' title="bbox 143 2779 1150 2862; baseline -0.002 -18"><span class='ocrx_word' id='word_1_269' title='bbox 143 2801 179 2844; x_wconf 87' lang='lat' dir='ltr'><strong>ea</strong></span> <span class='ocrx_word' id='word_1_270' title='bbox 200 2785 368 2862; x_wconf 85' lang='lat' dir='ltr'><strong>surripere;</strong></span> <span class='ocrx_word' id='word_1_271' title='bbox 386 2781 438 2841; x_wconf 86' lang='lat' dir='ltr'><strong>sed</strong></span> <span class='ocrx_word' id='word_1_272' title='bbox 457 2779 563 2843; x_wconf 81' lang='lat' dir='ltr'><strong>melida</strong></span> <span class='ocrx_word' id='word_1_273' title='bbox 585 2790 684 2843; x_wconf 82' lang='lat' dir='ltr'><strong>cctaset</strong></span> <span class='ocrx_word' id='word_1_274' title='bbox 703 2783 801 2856; x_wconf 80' lang='lat' dir='ltr'><strong>Viva,</strong></span> <span class='ocrx_word' id='word_1_275' title='bbox 822 2789 894 2843; x_wconf 90' lang='lat' dir='ltr'><strong>tunc</strong></span> <span class='ocrx_word' id='word_1_276' title='bbox 912 2781 1070 2861; x_wconf 88' lang='lat' dir='ltr'><strong>petendam</strong></span> <span class='ocrx_word' id='word_1_277' title='bbox 1091 2799 1150 2844; x_wconf 84' lang='lat' dir='ltr'><strong>esse</strong></span> 
     </span>
     <span class='ocr_line' id='line_1_32' title="bbox 144 2869 918 2929; baseline -0.014 0"><span class='ocrx_word' id='word_1_278' title='bbox 144 2869 414 2929; x_wconf 88' lang='lat' dir='ltr'><strong>commutationem.</strong></span> <span class='ocrx_word' id='word_1_279' title='bbox 915 2875 918 2879; x_wconf 81' lang='grc'>’</span> 
     </span>
    </p>

    <p class='ocr_par' dir='ltr' id='par_1_8' title="bbox 139 2951 1211 3694">
     <span class='ocr_line' id='line_1_33' title="bbox 183 2951 1149 3030; baseline -0.002 -18"><span class='ocrx_word' id='word_1_280' title='bbox 183 2951 285 3012; x_wconf 87' lang='lat' dir='ltr'><strong>Dabit.</strong></span> <span class='ocrx_word' id='word_1_281' title='bbox 299 2953 329 3010; x_wconf 71' lang='lat' dir='ltr'><strong>l.</strong></span> <span class='ocrx_word' id='word_1_282' title='bbox 347 2969 386 3011; x_wconf 86' lang='lat' dir='ltr'><strong>on</strong></span> <span class='ocrx_word' id='word_1_283' title='bbox 412 2952 546 3014; x_wconf 85' lang='lat' dir='ltr'><strong>lucretur</strong></span> <span class='ocrx_word' id='word_1_284' title='bbox 561 2952 716 3030; x_wconf 74' lang='lat' dir='ltr'><strong>jubileum</strong></span> <span class='ocrx_word' id='word_1_285' title='bbox 733 2953 784 3030; x_wconf 91' lang='lat' dir='ltr'><strong>qui</strong></span> <span class='ocrx_word' id='word_1_286' title='bbox 807 2951 858 3012; x_wconf 88' lang='lat' dir='ltr'><strong>dat</strong></span> <span class='ocrx_word' id='word_1_287' title='bbox 881 2951 1099 3029; x_wconf 68' lang='lat' dir='ltr'><strong>eleemosynam</strong></span> <span class='ocrx_word' id='word_1_288' title='bbox 1111 2951 1149 3010; x_wconf 91' lang='lat' dir='ltr'><strong>di·</strong></span> 
     </span>
     <span class='ocr_line' id='line_1_34' title="bbox 144 3035 1149 3114; baseline -0.003 -16"><span class='ocrx_word' id='word_1_289' title='bbox 144 3035 366 3107; x_wconf 88' lang='lat' dir='ltr'><strong>stribuendam,</strong></span> <span class='ocrx_word' id='word_1_290' title='bbox 386 3037 410 3096; x_wconf 90' lang='lat' dir='ltr'><strong>si</strong></span> <span class='ocrx_word' id='word_1_291' title='bbox 430 3048 531 3114; x_wconf 89' lang='lat' dir='ltr'><strong>postea</strong></span> <span class='ocrx_word' id='word_1_292' title='bbox 559 3056 619 3097; x_wconf 92' lang='lat' dir='ltr'><strong>non</strong></span> <span class='ocrx_word' id='word_1_293' title='bbox 643 3037 856 3105; x_wconf 82' lang='lat' dir='ltr'><strong>distribuatur,</strong></span> <span class='ocrx_word' id='word_1_294' title='bbox 886 3036 932 3097; x_wconf 87' lang='lat' dir='ltr'><strong>vel</strong></span> <span class='ocrx_word' id='word_1_295' title='bbox 957 3035 1149 3096; x_wconf 87' lang='lat' dir='ltr'><strong>distribuatur</strong></span> 
     </span>
     <span class='ocr_line' id='line_1_35' title="bbox 145 3118 1211 3202; baseline -0.004 -19"><span class='ocrx_word' id='word_1_296' title='bbox 145 3130 211 3202; x_wconf 89' lang='lat' dir='ltr'><strong>past</strong></span> <span class='ocrx_word' id='word_1_297' title='bbox 224 3129 340 3197; x_wconf 86' lang='lat' dir='ltr'><strong>tempus</strong></span> <span class='ocrx_word' id='word_1_298' title='bbox 357 3119 492 3197; x_wconf 77' lang='lat' dir='ltr'><strong>jubilaei?</strong></span> <span class='ocrx_word' id='word_1_299' title='bbox 505 3124 618 3201; x_wconf 82' lang='lat' dir='ltr'><strong>Negant</strong></span> <span class='ocrx_word' id='word_1_300' title='bbox 633 3124 713 3202; x_wconf 72' lang='lat' dir='ltr'><strong>Lupo</strong></span> <span class='ocrx_word' id='word_1_301' title='bbox 736 3118 805 3182; x_wconf 82' lang='lat' dir='ltr'><strong>dist.</strong></span> <span class='ocrx_word' id='word_1_302' title='bbox 820 3123 870 3181; x_wconf 73' lang='lat'><strong>27.</strong></span> <span class='ocrx_word' id='word_1_303' title='bbox 884 3139 968 3180; x_wconf 80' lang='lat' dir='ltr'><strong>acm.</strong></span> <span class='ocrx_word' id='word_1_304' title='bbox 986 3121 1055 3180; x_wconf 74' lang='grc'><strong>112.</strong></span> <span class='ocrx_word' id='word_1_305' title='bbox 1079 3123 1150 3199; x_wconf 80' lang='lat' dir='ltr'><strong>Spe-</strong></span> <span class='ocrx_word' id='word_1_306' title='bbox 1210 3129 1211 3188; x_wconf 79' lang='lat' dir='ltr'><strong>t</strong></span> 
     </span>
     <span class='ocr_line' id='line_1_36' title="bbox 144 3201 1147 3286; baseline -0.003 -18"><span class='ocrx_word' id='word_1_307' title='bbox 144 3225 193 3268; x_wconf 86' lang='lat' dir='ltr'><strong>rer</strong></span> <span class='ocrx_word' id='word_1_308' title='bbox 202 3225 235 3266; x_wconf 79' lang='lat' dir='ltr'><strong>a.</strong></span> <span class='ocrx_word' id='word_1_309' title='bbox 251 3206 319 3264; x_wconf 86' lang='grc'><strong>180.</strong></span> <span class='ocrx_word' id='word_1_310' title='bbox 333 3213 361 3265; x_wconf 85' lang='lat' dir='ltr'><strong>ct</strong></span> <span class='ocrx_word' id='word_1_311' title='bbox 377 3204 513 3286; x_wconf 82' lang='lat' dir='ltr'><strong>Viacqc.</strong></span> <span class='ocrx_word' id='word_1_312' title='bbox 527 3208 556 3266; x_wconf 90' lang='grc'><strong>8.</strong></span> <span class='ocrx_word' id='word_1_313' title='bbox 574 3213 626 3266; x_wconf 85' lang='lat' dir='ltr'><strong>art</strong></span> <span class='ocrx_word' id='word_1_314' title='bbox 639 3209 669 3265; x_wconf 92' lang='grc'><strong>6.</strong></span> <span class='ocrx_word' id='word_1_315' title='bbox 682 3223 735 3266; x_wconf 83' lang='lat' dir='ltr'><strong>atr.</strong></span> <span class='ocrx_word' id='word_1_316' title='bbox 749 3207 778 3265; x_wconf 73' lang='grc'><strong>5.</strong></span> <span class='ocrx_word' id='word_1_317' title='bbox 795 3223 862 3265; x_wconf 82' lang='lat' dir='ltr'><strong>cum</strong></span> <span class='ocrx_word' id='word_1_318' title='bbox 869 3208 947 3265; x_wconf 84' lang='lat' dir='ltr'><strong>Bon.</strong></span> <span class='ocrx_word' id='word_1_319' title='bbox 962 3201 1147 3265; x_wconf 65' lang='lat' dir='ltr'><strong>carucatis.</strong></span> 
     </span>
     <span class='ocr_line' id='line_1_37' title="bbox 143 3288 1150 3368; baseline -0.003 -19"><span class='ocrx_word' id='word_1_320' title='bbox 143 3299 209 3365; x_wconf 82' lang='lat' dir='ltr'><strong>etc,</strong></span> <span class='ocrx_word' id='word_1_321' title='bbox 230 3291 298 3367; x_wconf 88' lang='lat' dir='ltr'><strong>quia</strong></span> <span class='ocrx_word' id='word_1_322' title='bbox 325 3289 424 3350; x_wconf 81' lang='lat' dir='ltr'><strong>delicit</strong></span> <span class='ocrx_word' id='word_1_323' title='bbox 448 3301 530 3367; x_wconf 77' lang='lat' dir='ltr'><strong>opus&#39;</strong></span> <span class='ocrx_word' id='word_1_324' title='bbox 551 3288 741 3368; x_wconf 85' lang='lat' dir='ltr'><strong>injunctum,</strong></span> <span class='ocrx_word' id='word_1_325' title='bbox 765 3290 812 3350; x_wconf 85' lang='lat' dir='ltr'><strong>vel</strong></span> <span class='ocrx_word' id='word_1_326' title='bbox 833 3307 893 3349; x_wconf 90' lang='lat' dir='ltr'><strong>non</strong></span> <span class='ocrx_word' id='word_1_327' title='bbox 913 3289 1055 3366; x_wconf 89' lang='lat' dir='ltr'><strong>impletur</strong></span> <span class='ocrx_word' id='word_1_328' title='bbox 1075 3288 1150 3348; x_wconf 85' lang='lat' dir='ltr'><strong>intra</strong></span> 
     </span>
     <span class='ocr_line' id='line_1_38' title="bbox 143 3369 1150 3454; baseline 0.005 -26"><span class='ocrx_word' id='word_1_329' title='bbox 143 3380 260 3447; x_wconf 88' lang='lat' dir='ltr'><strong>tempus</strong></span> <span class='ocrx_word' id='word_1_330' title='bbox 277 3374 494 3449; x_wconf 79' lang='lat' dir='ltr'><strong>praescriptum.</strong></span> <span class='ocrx_word' id='word_1_331' title='bbox 508 3373 564 3433; x_wconf 88' lang='lat' dir='ltr'><strong>Sed</strong></span> <span class='ocrx_word' id='word_1_332' title='bbox 578 3374 727 3432; x_wconf 87' lang='lat' dir='ltr'><strong>affirmant</strong></span> <span class='ocrx_word' id='word_1_333' title='bbox 737 3377 779 3434; x_wconf 87' lang='lat' dir='ltr'><strong>Sa</strong></span> <span class='ocrx_word' id='word_1_334' title='bbox 793 3392 822 3434; x_wconf 86' lang='lat' dir='ltr'><strong>u.</strong></span> <span class='ocrx_word' id='word_1_335' title='bbox 838 3369 1046 3454; x_wconf 55' lang='lat' dir='ltr'><strong>Indumentis,</strong></span> <span class='ocrx_word' id='word_1_336' title='bbox 1060 3377 1091 3432; x_wconf 87' lang='lat' dir='ltr'><strong>ct</strong></span> <span class='ocrx_word' id='word_1_337' title='bbox 1100 3373 1150 3433; x_wconf 84' lang='lat' dir='ltr'><strong>Ve-</strong></span> 
     </span>
     <span class='ocr_line' id='line_1_39' title="bbox 139 3454 1151 3536; baseline 0.008 -28"><span class='ocrx_word' id='word_1_338' title='bbox 139 3469 181 3528; x_wconf 62' lang='grc' dir='ltr'><strong>φα</strong></span> <span class='ocrx_word' id='word_1_339' title='bbox 193 3494 202 3520; x_wconf 92' lang='grc'><em>,</em></span> <span class='ocrx_word' id='word_1_340' title='bbox 216 3454 354 3523; x_wconf 74' lang='lat' dir='ltr'><strong>lezana,</strong></span> <span class='ocrx_word' id='word_1_341' title='bbox 370 3473 404 3513; x_wconf 88' lang='lat' dir='ltr'><strong>ac</strong></span> <span class='ocrx_word' id='word_1_342' title='bbox 416 3457 508 3536; x_wconf 82' lang='lat' dir='ltr'><strong>Pasq.</strong></span> <span class='ocrx_word' id='word_1_343' title='bbox 523 3456 606 3535; x_wconf 82' lang='lat' dir='ltr'><strong>apacd</strong></span> <span class='ocrx_word' id='word_1_344' title='bbox 632 3455 756 3530; x_wconf 80' lang='lat' dir='ltr'><strong>Vivam,</strong></span> <span class='ocrx_word' id='word_1_345' title='bbox 775 3458 846 3534; x_wconf 86' lang='lat' dir='ltr'><strong>quia</strong></span> <span class='ocrx_word' id='word_1_346' title='bbox 867 3475 903 3516; x_wconf 83' lang='lat' dir='ltr'><strong>cx</strong></span> <span class='ocrx_word' id='word_1_347' title='bbox 924 3457 1064 3533; x_wconf 79' lang='lat' dir='ltr'><strong>aequitate</strong></span> <span class='ocrx_word' id='word_1_348' title='bbox 1078 3474 1151 3536; x_wconf 69' lang='lat' dir='ltr'><strong>prac-</strong></span> 
     </span>
     <span class='ocr_line' id='line_1_40' title="bbox 141 3533 1148 3616; baseline 0.012 -31"><span class='ocrx_word' id='word_1_349' title='bbox 141 3533 271 3591; x_wconf 84' lang='lat' dir='ltr'><strong>sumitur</strong></span> <span class='ocrx_word' id='word_1_350' title='bbox 286 3534 419 3595; x_wconf 75' lang='lat' dir='ltr'><strong>Pontifex</strong></span> <span class='ocrx_word' id='word_1_351' title='bbox 436 3546 596 3600; x_wconf 88' lang='lat' dir='ltr'><strong>contcntus</strong></span> <span class='ocrx_word' id='word_1_352' title='bbox 621 3557 698 3612; x_wconf 88' lang='lat' dir='ltr'><strong>esse,</strong></span> <span class='ocrx_word' id='word_1_353' title='bbox 712 3549 746 3600; x_wconf 87' lang='lat' dir='ltr'><strong>ut</strong></span> <span class='ocrx_word' id='word_1_354' title='bbox 761 3541 811 3600; x_wconf 89' lang='lat' dir='ltr'><strong>illc</strong></span> <span class='ocrx_word' id='word_1_355' title='bbox 830 3541 896 3601; x_wconf 84' lang='lat' dir='ltr'><strong>tatis</strong></span> <span class='ocrx_word' id='word_1_356' title='bbox 909 3540 1049 3616; x_wconf 89' lang='lat' dir='ltr'><strong>abjccerit</strong></span> <span class='ocrx_word' id='word_1_357' title='bbox 1067 3538 1083 3600; x_wconf 81' lang='lat' dir='ltr'><strong>d</strong></span> <span class='ocrx_word' id='word_1_358' title='bbox 1104 3558 1148 3614; x_wconf 88' lang='lat' dir='ltr'><strong>sc,</strong></span> 
     </span>
     <span class='ocr_line' id='line_1_41' title="bbox 141 3610 1149 3694; baseline 0.003 -14"><span class='ocrx_word' id='word_1_359' title='bbox 141 3610 238 3679; x_wconf 72' lang='lat' dir='ltr'><strong>quoad</strong></span> <span class='ocrx_word' id='word_1_360' title='bbox 252 3631 284 3672; x_wconf 89' lang='lat' dir='ltr'><strong>se</strong></span> <span class='ocrx_word' id='word_1_361' title='bbox 303 3619 488 3694; x_wconf 85' lang='lat' dir='ltr'><strong>pertinebat,</strong></span> <span class='ocrx_word' id='word_1_362' title='bbox 502 3621 671 3684; x_wconf 87' lang='lat' dir='ltr'><strong>dominium</strong></span> <span class='ocrx_word' id='word_1_363' title='bbox 690 3625 735 3686; x_wconf 87' lang='lat' dir='ltr'><strong>rei</strong></span> <span class='ocrx_word' id='word_1_364' title='bbox 755 3625 841 3685; x_wconf 80' lang='lat' dir='ltr'><strong>datm.</strong></span> <span class='ocrx_word' id='word_1_365' title='bbox 862 3625 1036 3688; x_wconf 77' lang='lat' dir='ltr'><strong>Concedunt</strong></span> <span class='ocrx_word' id='word_1_366' title='bbox 1054 3635 1149 3685; x_wconf 82' lang='lat' dir='ltr'><strong>autent</strong></span> 
     </span>
    </p>
   </div>
   <div class='ocr_carea' id='block_1_4' title="bbox 0 0 1241 3975">
    <p class='ocr_par' dir='ltr' id='par_1_9' title="bbox 0 0 1241 3975">
     <span class='ocr_line' id='line_1_42' title="bbox 0 0 1241 3975; baseline 0 0"><span class='ocrx_word' id='word_1_367' title='bbox 0 0 1241 3975; x_wconf 95' lang='lat' dir='ltr'><strong> </strong></span> 
     </span>
    </p>
   </div>
  </div>
 </body>
</html>
