2450 3975
136 263 194 326 996
365 260 432 326 tto.
446 262 474 325 6.
492 262 588 325 Trucl.
600 262 631 324 4.
649 260 881 345 Depoeuitcrtlt'u.

136 364 211 427 diet
232 364 339 443 percuti
357 364 568 440 detestaticue3
584 382 650 443 que
670 365 870 444 principaliter
882 368 927 425 etl
945 360 1070 423 abolitio
1079 362 1136 423 eul-
1163 383 1165 387 ·

33 468 36 477 ·
136 466 202 527 pu,
221 448 291 511 etim
311 450 351 511 sit
364 450 439 511 velle
458 467 518 509 uun
537 466 678 526 peccasse.
698 446 864 521 Cretcritm,
887 456 923 508 ut
939 446 1019 507 recte
1036 446 1139 506 dicunt

134 534 272 595 Froteeu.
288 540 310 595 t.
327 534 375 595 to.
394 553 426 615 p.
440 533 509 593 eru.
523 549 589 593 cum
608 532 686 613 loqu
696 576 705 604 ,
715 529 874 594 cellulum.
886 532 995 611 Sporer
1006 529 1141 589 necroie

134 610 196 676 loco
214 614 265 677 cit.
284 634 351 679 cum
377 618 461 692 cort,
480 632 541 677 non
563 614 784 688 dubitandum,
801 616 875 694 quin
901 616 934 675 in
960 614 1141 675 contritione

135 707 298 781 utrumque
313 702 499 781 requiratur,
514 709 574 760 tam
596 700 699 774 dolor,
709 700 799 779 quim
817 698 990 774 detestatio,
1013 695 1140 776 etquid

135 783 237 847 reveri
254 787 286 848 in
306 804 366 847 unu
387 786 513 847 rltcrum
527 784 655 847 exercite
671 785 875 859 commeatum
887 781 939 861 qui
955 780 1037 843 enim
1052 797 1139 841 suum

134 866 295 931 detestatur
314 878 464 949 peecatum
474 912 484 941 ,
496 867 659 931 necessario
671 869 708 930 de
722 870 786 946 ipso
799 868 899 946 dolet;
911 872 942 928 ct
953 862 1056 928 contri
1066 907 1076 937 ,
1087 864 1140 942 qui

134 949 173 1013 de
188 964 302 1030 peccato
316 954 413 1031 dolet,
431 953 506 1015 illud
524 951 685 1014 necessario
697 952 867 1013 detestatur.

172 1038 240 1099 456.
251 1070 290 1083 -
303 1038 402 1113 Quoer.
417 1039 455 1101 11.
467 1038 509 1099 tx
529 1055 588 1117 quo
603 1037 717 1099 motivo
731 1036 836 1099 debeat
853 1034 920 1098 elici
942 1042 1025 1097 oclus
1045 1031 1140 1115 perie-

133 1128 187 1181 cte
199 1122 409 1185 contritionis?

127 1218 133 1229 ·
173 1204 280 1267 Priute
298 1206 465 1280 cententio,
480 1224 569 1286 quam
586 1215 690 1269 tenent
709 1207 828 1286 plures,
843 1206 916 1268 dicit
929 1222 1014 1285 posse
1026 1203 1092 1264 elici
1103 1219 1140 1263 ex

137 1291 251 1355 motivo
262 1292 472 1373 cujuscumque
484 1293 620 1355 attributi
633 1293 726 1355 diuini
737 1291 841 1353 offensi
853 1290 1010 1369 ,justitiae,
1024 1291 1140 1368 sapien·

136 1376 451 1453 immisericordia,
474 1386 530 1441 cte.
552 1381 589 1439 Et
609 1377 717 1439 meriti)
740 1375 816 1437 banc
833 1376 1017 1457 probabilem
1035 1384 1140 1453 putant
1207 1371 1209 1426 l

135 1461 225 1521 Scor.
245 1460 275 1521 d.
289 1466 319 1523 2.
333 1471 402 1525 sect.
413 1466 441 1525 2.
455 1482 539 1525 uum.
555 1464 603 1523 15.
618 1464 736 1543 etbuqo
748 1459 778 1521 d.
796 1464 826 1523 5.
843 1481 877 1523 ιι.
896 1464 927 1522 4.
948 1460 1054 1528 Ratio,
1071 1459 1139 1536 quia
1207 1489 1210 1514 t

135 1544 186 1605 ille
200 1546 252 1623 qui
272 1545 369 1626 diligit
382 1546 514 1607 divinam
524 1546 690 1623 justitiam,
704 1546 751 1606 vel
769 1544 1003 1607 misericordiam
1017 1551 1139 1621 propter
1209 1547 1211 1624 ¹,

135 1628 232 1691 Deum
244 1674 252 1701 ,
264 1627 326 1707 jam
343 1630 437 1690 Deum
451 1630 567 1709 diligit,
587 1627 656 1691 crim
670 1629 869 1691 misericordia
879 1639 909 1690 el
915 1626 1030 1706 justitia
1040 1626 1140 1685 divina
1211 1667 1212 1680 .

136 1714 195 1775 sint
206 1716 268 1794 ipse
284 1716 363 1775 Deus
375 1737 384 1791 ς
396 1712 466 1793 orgo
477 1716 529 1793 qui
549 1714 629 1775 dolet
650 1715 687 1775 de
702 1721 820 1793 peccato
839 1714 879 1774 ob
899 1712 954 1773 Dei
974 1712 1141 1772 misericor·
1212 1745 1213 1750 ι

134 1798 217 1861 dium
230 1844 237 1871 ,
249 1800 295 1861 vel
309 1798 455 1877 justitiam
467 1799 627 1872 eliensem,
641 1818 702 1861 non
718 1797 782 1876 jem
801 1816 839 1859 ex
863 1797 975 1859 motivo
988 1794 1142 1872 concupis-
1213 1835 1214 1850 .

135 1884 255 1954 centioe,
266 1882 318 1943 sod
331 1894 454 1963 propter
467 1886 563 1947 Deum
580 1884 670 1945 dolet.

173 1966 307 2028 Secrrudu
329 1966 474 2030 eerrteutie
499 1967 570 2030 verb
590 1967 757 2031 communia
773 1976 805 2030 el
822 1966 1026 2048 probabilior,
1050 1982 1142 2045 quam
1215 1965 1217 2003 l

136 2059 237 2112 teuent
250 2053 338 2110 Suur.
352 2047 375 2110 l.
388 2071 413 2112 c.
430 2054 520 2132 Vosq.
530 2072 560 2134 q.
574 2055 624 2114 85.
637 2061 698 2114 erl.
714 2057 744 2114 2.
758 2073 792 2115 ιι.
808 2055 859 2114 lt.
873 2052 937 2133 (qui
952 2059 1037 2112 vocat
1047 2069 1143 2130 oppu-

133 2137 221 2197 sitam
243 2133 408 2214 erroneam)
422 2142 451 2194 et
465 2136 553 2196 Croie
570 2155 602 2197 ιι.
617 2138 685 2197 722.
700 2156 768 2198 cum
779 2136 929 2217 Arriepu,
944 2135 1053 2196 Dicet
1070 2134 1142 2198 elir's

131 2217 264 2303 poesim,
279 2217 379 2291 docet,
394 2219 601 2280 contritionem
614 2220 853 2283 debereomntnt
863 2221 1020 2299 procedere
1031 2238 1068 2282 ex
1078 2223 1142 2283 solo

134 2305 246 2366 motivo
262 2301 429 2381 charitatis3
444 2321 551 2383 nempe
564 2305 673 2366 divinoe
685 2305 824 2366 bonitatis
836 2305 973 2379 oliensae,
995 2304 1142 2384 quateuirs

134 2388 197 2452 boec
221 2389 425 2466 complectitur
449 2406 551 2451 omncs
575 2392 630 2452 Dei
657 2391 862 2470 perfectiones.
887 2392 996 2463 Retio,
1015 2392 1086 2470 quio
1104 2409 1141 2450 ex

134 2475 217 2537 Trid.
232 2491 302 2536 ecee.
319 2475 366 2534 lt.
377 2493 403 2535 e.
417 2476 448 2534 4.
459 2475 643 2553 requiritur,
661 2485 695 2535 ut
707 2476 845 2539 contritio
864 2476 903 2536 sit
919 2473 1060 2536 charitate
1072 2493 1141 2554 per·

134 2559 225 2633 lecta,
242 2558 272 2620 id
289 2568 333 2620 est
345 2560 521 2638 informate3
537 2559 685 2639 objectum
700 2569 800 2621 autem
821 2558 991 2633 charitatis,
1008 2567 1043 2620 ut
1058 2579 1140 2622 eom·

134 2645 267 2706 muniter
284 2643 390 2728 docent
403 2647 466 2704 DD.
487 2655 580 2724 utque
593 2646 722 2707 diximus
740 2642 763 2706 l.
775 2646 804 2706 5.
822 2663 856 2704 ιι.
869 2645 919 2706 al.
933 2662 963 2705 o.
978 2643 1139 2725 objectum,

134 2742 178 2793 cst
195 2733 273 2792 Deus
291 2729 435 2808 quatenus
455 2741 499 2792 cst
510 2733 627 2794 infinita
640 2733 771 2806 bonitas,
782 2748 890 2812 nempe
905 2730 989 2792 radix
1000 2743 1142 2811 etaggrc-

134 2815 213 2898 gotio
225 2816 359 2874 omnium
372 2816 595 2895 perfectionum.

172 2901 241 2960 457.
252 2931 291 2944 -
303 2899 400 2971 Quaer.
414 2903 467 2960 lll.
479 2903 601 2975 Quando
614 2901 725 2982 obliget
739 2912 920 2984 preceptum
932 2903 1141 2964 contritionis?

135 2989 190 3050 i‘er
201 3001 232 3044 se
244 2982 411 3061 loquendo,
429 2996 544 3045 certum
565 2996 608 3046 est
624 2987 842 3065 apodemus,
860 2988 993 3068 obligare
1014 2989 1046 3049 iu
1067 2990 1142 3049 arti·

134 3073 199 3136 culo
212 3069 336 3144 mortis3
348 3066 414 3128 uide
427 3066 519 3130 Salui.
541 3069 576 3131 de
593 3072 697 3152 punit.
712 3092 744 3134 c.
760 3076 789 3135 l.
804 3093 837 3156 p.
852 3077 883 3135 b.
899 3093 931 3134 ιι.
951 3075 999 3133 54.
1014 3082 1043 3132 ιι
1062 3071 1143 3136 ulios

132 3153 256 3240 possint.
277 3154 332 3213 Per
348 3153 481 3215 accidens
494 3153 584 3229 verb,
598 3161 797 3220 communiter
812 3159 916 3220 dieunt
928 3159 990 3216 ΠΙ).
1007 3157 1142 3237 obligare

133 3248 158 3304 l.
171 3239 294 3314 Quando
313 3239 419 3318 aliquis
437 3250 513 3302 esset
529 3242 562 3302 in
583 3245 702 3304 mortali
723 3254 753 3306 et
766 3245 886 3306 deberet
896 3250 1076 3303 sacramenta
1087 3246 1143 3306 mi·

134 3326 282 3398 nistrare,
302 3326 349 3386 vel
370 3325 490 3404 aliquod
510 3338 727 3389 sacramentum
747 3331 885 3389 vivorum
910 3327 1075 3406 suscipere,
1098 3329 1144 3389 ita

133 3407 211 3463 Bon.
233 3408 265 3466 d.
286 3410 315 3468 5.
328 3428 379 3488 qu.
395 3413 423 3470 5.
445 3429 514 3472 ress.
528 3414 556 3471 l.
570 3431 603 3494 p.
619 3415 650 3474 2.
670 3431 737 3473 cum
762 3416 850 3490 Veeq.
874 3409 941 3473 Vel.
964 3420 993 3472 et
1015 3407 1086 3474 uttt.
1106 3432 1147 3476 ae

131 3479 1143 3576 Salm-ibide.5l.cumPul.ctLeyr'n.etc.eourmurtiter.ll.Qurudo

132 3575 198 3630 (1⁰¹³
221 3581 324 3661 graues
342 3584 493 3650 pateretur
515 3582 709 3650 tentationes,
725 3595 796 3657 quas
815 3579 910 3640 vitare
924 3600 984 3642 uou
996 3598 1078 3658 posse
1090 3599 1143 3657 pu·

133 3643 230 3712 taret,
248 3661 304 3706 urst
318 3665 425 3744 aactutu
440 3662 626 3726 coutritionis
644 3665 772 3726 eliceret.
790 3667 894 3745 Leyot.
915 3685 940 3728 e.
955 3671 984 3728 ι.
1010 3684 1040 3726 ιι.
1057 3667 1084 3724 4.
1109 3672 1140 3724 ιι
