2450 3975
228 180 401 262 capim
413 177 539 241 essentia
550 175 757 241 Eucharistiae.
773 178 854 243 Ded.
865 178 896 242 7.
1024 182 1065 243 5⁰

66 283 223 363 „perfertis
247 300 314 343 aum
338 282 397 343 alio
422 281 539 359 liquore
562 282 602 341 ita
625 288 741 341 utnon
761 288 878 341 maneat
900 278 1063 343 substantia

65 370 174 441 trini,
200 366 317 427 desinat
349 366 391 425 ibi
418 382 482 425 esse
501 364 652 433 christus,
679 382 740 425 nan
758 373 858 425 tamen
885 363 1011 437 desinit,
1035 366 1061 426 si

65 477 75 505 a
93 455 249 517 misceatur
267 467 336 509 enm
356 450 427 513 vina
438 451 496 511 alia
506 450 609 511 saltem
622 448 755 525 ejusdem
769 449 885 527 speciei.
899 448 1063 530 catapan

55 532 73 591 vr
91 537 119 600 d.
133 538 183 599 tu.
198 542 268 597 sect.
286 534 316 595 5.
331 532 435 613 Unde,
450 535 475 595 si
485 543 566 614 gutta
585 542 751 596 consecrata
763 534 843 612 lapsa
856 534 935 593 sitin
947 534 1061 595 dolium

64 621 149 683 »vini
176 618 312 698 ejusdem
341 619 468 697 speciei,
496 627 591 679 toturn
621 618 696 679 illud
724 619 830 679 vinum
861 616 1061 679 adhibendum

63 729 73 759 ι
91 705 206 766 tantiam
224 712 269 764 est
280 720 335 782 pro
352 702 513 779 sacrifiei03
527 702 594 765 tiata
612 702 735 781 quidam
754 702 875 776 dicant,
895 700 957 764 bibi
978 720 1062 781 posse

62 814 73 843 a
91 788 105 849 ὲ
120 790 215 851 laicis.

90 876 194 935 Dicunt
209 880 309 934 autern
328 874 418 934 Suar.
431 873 545 933 Dicast.
556 872 678 953 Arriaq.
697 870 850 933 etBernal
867 868 952 953 apud
970 869 1061 933 Grais

63 958 81 1020 i·
92 963 120 1021 t.
133 978 165 1040 p.
176 962 209 1021 2.
221 977 255 1018 n.
269 960 339 1018 dii.
355 956 437 1035 qudd
450 956 582 1018 Christus
595 957 703 1019 desinit
720 976 781 1018 esse
792 976 937 1038 praesens,
950 958 975 1017 si
993 964 1061 1035 gut·

62 1046 112 1104 tuta
128 1045 190 1105 vini
207 1042 368 1104 conscerati
388 1040 538 1119 injiciatur
555 1043 587 1103 in
608 1042 702 1103 altera
719 1044 791 1104 vina
809 1061 870 1103 non
893 1050 1061 1104 consecrata

62 1128 225 1205 potentiori,
239 1128 287 1187 vel
306 1127 337 1187 in
352 1128 445 1186 altera
459 1126 590 1205 liquore,
607 1128 639 1187 in
656 1146 717 1206 quo
730 1127 839 1207 speeies
849 1128 912 1189 vini
926 1144 1061 1190 eorrum-

62 1222 170 1289 pantur.
187 1214 223 1275 tn
243 1210 336 1273 dubio
353 1219 474 1283 autem,
492 1210 565 1273 dicit
583 1209 674 1273 Grais
688 1210 729 1275 it.
749 1212 932 1285 tenendum,
949 1211 1060 1290 species

61 1314 113 1359 nan
124 1314 185 1357 esse
197 1304 363 1375 corruptas.

95 1406 108 1435 ι
127 1383 156 1441 7.
177 1383 207 1441 Si
230 1382 341 1461 speeies
356 1388 531 1443 conseeratoe
549 1381 697 1461 liquorem
716 1382 813 1463 speeie
829 1382 979 1443 diversum
1002 1380 1059 1440 sibi

59 1489 72 1521 a
91 1466 270 1545 permixtum
285 1474 459 1527 convertant
474 1467 506 1527 in
524 1465 629 1527 vinum
645 1466 750 1527 similis
764 1466 935 1528 substantiae
956 1467 1005 1538 ei,
1028 1466 1060 1525 in

60 1573 72 1604 a
93 1552 235 1629 quassata
248 1558 293 1610 est
306 1550 503 1624 consecratio,
522 1552 633 1628 speeies
653 1551 767 1631 priores
779 1560 899 1614 manent
911 1567 1060 1615 comesta·

59 1656 72 1691 a
92 1642 146 1696 tae:
162 1652 222 1697 nan
235 1635 309 1697 item
323 1636 500 1713 posteriores
512 1635 669 1713 adiunctae.

458 1822 590 1890 etrus
612 1822 651 1889 11.

202 2052 204 2056 .
255 2020 292 2064 1)ss
311 2019 421 2077 caustS,
437 2019 471 2064 ΕΤ
491 2019 627 2064 sustecto
647 2019 850 2066 sucntutsrts.

460 2171 610 2244 DUBIUM
629 2176 654 2236 Ι.

449 2339 504 2419 De
528 2324 664 2420 eausiss

63 2623 76 2653 ¹¹
96 2539 175 2668 Aa
188 2601 237 2665 hie
249 2609 366 2666 tanturn
388 2604 426 2665 de
440 2601 602 2677 efficiente,
615 2605 647 2666 id
660 2612 721 2676 est,
731 2604 771 2665 de
786 2605 939 2676 ministro,
954 2605 987 2666 in
998 2624 1058 2686 quo

62 2689 161 2763 aquid
187 2689 357 2768 requiratur
381 2688 419 2749 ad
446 2689 659 2750 coniectionem
682 2687 827 2760 validam,
855 2697 969 2752 constat
992 2688 1059 2753 tiam

63 2791 76 2820 a
96 2788 128 2830 ex
140 2771 221 2832 dietis
232 2771 268 2834 de
277 2773 476 2834 sacramentis
489 2775 522 2834 in
534 2789 638 2854 qaaere
645 2818 656 2849 ‚
678 2770 743 2837 tiam
756 2791 792 2834 ex
807 2773 966 2854 superioris
979 2779 1061 2855 eapi-

64 2874 76 2902 ·
96 2854 130 2913 tis
142 2857 217 2918 Dub.
233 2859 262 2917 5.
282 2858 360 2930 Quid
376 2857 413 2918 ad
425 2858 534 2918 licitam
549 2857 738 2936 requiratur,
755 2859 867 2937 patebit
877 2878 914 2920 er
924 2863 1058 2940 sequenti

62 2959 75 2988 a
96 2938 166 2999 Dub.
188 2941 224 3000 de
243 2940 374 3019 subjecto
397 2943 573 3020 suscipiente
591 2940 803 3005 Eucharistiam
826 2967 835 3004 ε
860 2946 931 3023 quia
956 2963 1059 3006 omnes

63 3042 77 3072 n
97 3020 312 3100 dispositiones,
327 3045 394 3104 quae
407 3026 445 3087 ad
460 3025 548 3104 digne
565 3027 779 3105 suscipiendam
789 3037 858 3089 sunt
871 3031 1055 3104 neeessarioe‚

64 3125 77 3154 a
98 3109 280 3184 requiruntur
298 3111 388 3170 etiam
408 3109 444 3168 ad
459 3110 568 3170 licitam
582 3112 888 3190 coniectionem3curn
901 3113 1059 3174 conficiens

64 3207 78 3236 r
99 3191 247 3254 neeessarid
274 3195 421 3272 suscipere
443 3195 558 3255 debeat.
582 3194 636 3257 Hie
656 3195 726 3274 ergd
753 3196 869 3258 tantiam
892 3197 1056 3275 quaeritur,

66 3293 79 3320 a
101 3273 219 3353 t.Cujus
237 3277 276 3338 sit
293 3278 462 3357 dispensare
477 3279 706 3340 Eucharistiam?
719 3281 748 3339 2.
764 3281 842 3354 Quid
859 3299 895 3341 ex
906 3289 989 3358 parte
1000 3281 1057 3342 mi·

66 3372 80 3402 »
101 3355 175 3419 nisui
192 3363 360 3444 requiratur
376 3363 413 3424 ad
426 3364 535 3428 liettam
550 3363 826 3444 dispensationem?
