2450 3975
253 167 326 247 Cap.
338 166 367 226 5.
378 161 565 228 nocemur.
579 170 667 226 otest
676 161 863 246 scmficiom.
880 165 960 230 nuo.
971 169 1000 228 l.
1075 170 1132 231 tto

159 269 224 332 Hoc
234 269 328 348 igitur
341 267 461 329 decreto
483 267 615 330 nonfuit
634 267 760 328 vetitum
785 268 935 350 Episcopis
952 269 1022 330 dore
1040 269 1132 332 lieen-

112 356 195 418 ciam
207 353 374 417 celebrandi
385 356 411 414 1.
423 353 455 414 in
471 353 601 414 oratorio
618 351 790 427 benedicto,
805 361 836 414 et
850 353 998 436 designato
1010 355 1046 418 od
1060 373 1130 418 usus

114 458 234 517 sacrm,
247 440 281 502 in
300 457 361 517 quo
377 447 422 500 cst
441 437 531 514 janua
547 436 658 500 habeus
670 438 835 516 ingressum
855 457 910 518 per
932 441 1011 502 viam
1030 439 1129 520 publi-

116 543 208 596 cam,
225 525 281 585 etsi
299 523 341 584 sit
357 521 449 601 janua
463 523 576 601 privata
601 521 687 584 affixa
707 523 809 584 domui
825 522 948 600 alicujus
962 526 1128 603 saecularis3

112 609 196 670 illud
215 608 305 668 etiam
325 625 385 667 non
398 607 508 667 dicitur
519 606 668 684 privatum
682 650 691 680 ,
704 605 756 668 sed
775 605 928 686 publicum
946 609 1126 686 oratorium,
1148 650 1150 656 ,

112 691 360 755 utrectridicuut
376 689 452 754 Vivo
471 707 502 770 q.
516 691 546 750 6.
563 708 595 750 c.
616 691 646 750 6.
661 709 695 752 a.
709 693 739 752 5.
755 698 784 751 et
804 690 894 752 Croic
913 688 935 750 l.
958 693 989 752 6.
1001 711 1036 772 p.
1049 695 1078 753 2.
1094 711 1127 755 n.

111 779 189 840 265.
204 795 271 838 ecre
281 776 413 852 Auerno,
428 775 554 851 Quarti,
564 771 662 836 Noldo
669 820 680 852 ,
692 773 816 838 Horrob.
828 774 957 836 ctDiao.
965 799 977 854 ,·
986 777 1036 855 qui
1047 775 1129 837 addit

110 879 188 922 rum
199 862 292 942 Posq.
308 861 440 939 possein
458 859 510 920 tali
527 859 657 920 oratorio
674 857 866 921 nihilominus
880 860 1021 922 celebrari
1030 859 1129 938 januis

106 945 222 1006 clausis
245 961 336 1005 enon
360 943 442 1005 enim
460 943 658 1022 precipitur,
677 951 711 1003 ut
732 943 849 1023 publice
868 943 1053 1020 celebretur,
1075 941 1127 1004 sed

107 1038 150 1092 ιιι
161 1030 195 1089 in
206 1027 327 1109 publico
346 1028 488 1090 oratorio.
504 1026 640 1089 Advertit
656 1029 745 1090 etiarn
761 1028 888 1090 Croico.
904 1031 972 1092 266.
991 1048 1052 1091 non
1065 1046 1128 1090 csse

105 1129 191 1190 opus
206 1121 336 1192 quatuor
351 1113 464 1187 muris,
487 1112 540 1191 qui
551 1113 716 1174 oratorium
734 1123 870 1190 separent
891 1113 928 1176 ah
948 1115 1013 1174 aliis
1033 1113 1124 1186 locis,

104 1196 166 1257 sed
186 1215 269 1275 posse
287 1215 345 1277 pro
362 1206 469 1276 quarto
490 1214 578 1256 muro
600 1197 694 1276 aptari
712 1197 801 1258 telam
814 1241 823 1270 ,
837 1217 903 1274 quoe
923 1199 1072 1279 aperiatur
1087 1197 1126 1260 ad

104 1281 353 1344 commoditatem
365 1282 555 1342 audientium
571 1281 702 1342 missam.
717 1283 902 1361 Quapropter
911 1283 963 1360 qui
979 1278 1021 1341 ibi
1035 1299 1125 1360 pran-

103 1364 278 1440 deret,ch
291 1367 322 1426 in
334 1367 406 1427 alios
422 1385 493 1428 usus
509 1365 647 1444 profanos
665 1363 819 1425 adhiberet
833 1385 887 1446 per
906 1365 1027 1428 modum
1040 1365 1126 1427 habi·
1176 1424 1181 1440 ‚

104 1449 180 1528 tris,
199 1460 331 1532 peccaret
344 1453 530 1525 mortaliter,
547 1451 617 1529 quia
633 1451 797 1512 oratorium
805 1451 878 1512 illud
892 1455 935 1512 cst
947 1469 1016 1511 vcra
1026 1453 1125 1514 Eccle-

105 1535 175 1613 sia;
190 1537 456 1598 venialitertamcn
466 1582 477 1614 ,
496 1537 520 1596 si
537 1535 719 1616 aliquando,
738 1545 768 1596 et
791 1537 856 1598 sinc
871 1537 1063 1608 necessitate,
1087 1541 1123 1596 ut

103 1619 216 1682 dicunt
229 1624 299 1684 DD.
313 1640 364 1702 op.
381 1623 459 1683 Bon.
472 1628 500 1681 ct
511 1621 601 1682 Scor.
653 1617 656 1624 ’

149 1708 254 1785 Neque
267 1709 305 1768 ll.
320 1708 352 1767 in
362 1707 500 1767 oratoriis
516 1706 621 1766 crectis
639 1707 671 1766 in
692 1705 830 1766 domibus
845 1707 1050 1786 regularium,
1071 1705 1122 1766 vel

104 1790 232 1853 alterius
242 1791 482 1864 communitatis,
497 1800 531 1852 ut
543 1789 622 1852 rectd
637 1793 678 1850 ait
692 1789 795 1852 Tomb.
809 1788 844 1852 de
857 1791 951 1854 Melle.
968 1787 1020 1851 rel.
1031 1791 1068 1852 M
1069 1787 1120 1852 iss.

104 1874 131 1940 1.
147 1879 178 1936 l.
188 1895 215 1938 c.
227 1879 257 1939 l.
268 1877 296 1958 S.
312 1879 342 1938 5.
356 1897 388 1938 c.
402 1878 431 1937 2.
444 1895 511 1936 cam
519 1879 650 1938 uzeca.
670 1877 745 1936 llinc
763 1873 839 1937 bend
856 1883 951 1954 potest
963 1875 1122 1956 Episcopus

103 1961 181 2024 dare
200 1961 349 2025 licentiam
373 1961 540 2024 celebrandi
555 1962 587 2023 in
604 1961 741 2024 oratoriis
758 1959 970 2040 hospitalium,
993 1961 1121 2023 semina-

104 2048 246 2120 riorum,
266 2056 297 2109 et
320 2048 629 2123 conservatoriorum,
651 2055 686 2106 ut
710 2048 808 2125 praxis
836 2046 925 2107 habet
941 2068 950 2125 3
967 2044 1013 2107 ha
1038 2046 1119 2108 euim

104 2131 215 2191 domus
233 2150 294 2194 non
310 2132 453 2193 dicuntur
468 2133 601 2210 privator.
614 2134 651 2191 Et
663 2132 742 2192 idem
759 2133 799 2193 ait
812 2132 901 2193 Croic
915 2150 948 2191 rc.
964 2132 1033 2192 not.
1052 2149 1120 2191 cum

107 2214 233 2290 Quarti,
252 2225 281 2278 ct
292 2218 397 2278 Diona
413 2218 451 2277 de
462 2218 579 2295 capellis
601 2218 706 2277 ercctis
730 2218 762 2277 in
783 2216 908 2296 publicis
925 2216 1115 2277 carceribus:

103 2300 180 2361 dicit
192 2301 272 2361 enim
283 2299 400 2382 Iilsonq
423 2320 474 2383 op.
491 2300 581 2363 Croie
592 2296 615 2360 l.
630 2302 659 2360 5.
669 2320 704 2381 p.
719 2302 748 2361 l.
761 2319 794 2361 o.
806 2302 875 2361 626.
886 2297 1118 2378 prohibitionem

104 2384 276 2446 Tridentini
295 2386 443 2464 respicere
461 2385 577 2447 tantirru
604 2386 731 2448 oratoria
755 2386 868 2464 privata
882 2384 1046 2457 laicorum,
1069 2381 1117 2443 vel

103 2470 281 2531 clericorum
295 2471 491 2531 secularium.
508 2471 584 2531 llinc
593 2472 758 2552 Pepouous
771 2468 804 2530 io
816 2488 842 2529 c.
856 2470 895 2529 ln
905 2464 973 2542 bis,
990 2466 1024 2528 de
1035 2466 1114 2549 prio.

101 2570 189 2614 num.
202 2556 252 2615 25.
263 2555 354 2616 relect
367 2556 398 2615 S.
410 2556 671 2633 Congregationem
686 2554 798 2631 pluries
815 2552 991 2623 declarasse,
1012 2550 1117 2629 hujus·

101 2639 189 2699 modi
198 2640 325 2701 oratoria
346 2658 517 2713 carcerum,
537 2639 836 2710 confraternitatum,
852 2634 1066 2713 hospitalium,
1085 2647 1115 2700 ot

100 2724 352 2787 communitatum
371 2742 433 2785 non
462 2722 671 2801 comprehendi
698 2724 730 2781 in
751 2720 953 2801 prohibitione
978 2722 1113 2798 concilii,

101 2808 175 2887 quia
197 2807 260 2871 baec
276 2810 485 2871 suntoratoria
507 2806 566 2869 lind
584 2808 622 2867 od
639 2807 776 2867 divinum
796 2807 909 2867 cultum
922 2806 1063 2869 dedicata.
1076 2810 1114 2869 Et

98 2900 257 2973 propterea
270 2896 304 2955 in
313 2894 484 2973 hujusmodi
492 2895 629 2955 oratoriis
639 2892 818 2972 quicumque
829 2893 981 2954 audientes
994 2895 1112 2957 missam

98 2979 303 3052 satisfaciunt,
320 2979 379 3040 eth
398 2997 586 3057 quocumque
601 2978 752 3039 sacerdote
767 2988 889 3059 possunt
902 2978 1006 3057 utique
1018 2979 1112 3039 misse

99 3063 264 3136 celebrari,
283 3084 317 3124 oc
330 3065 414 3125 omni
430 3065 478 3124 die
497 3065 585 3125 etiam
606 3082 643 3123 ex
661 3064 908 3136 solemnioribus,
928 3081 964 3123 ex
983 3062 1112 3123 declara·

100 3149 183 3208 tione
194 3150 225 3209 S.
236 3152 269 3211 C.
280 3150 340 3209 Ilit.
355 3151 385 3210 ι).
399 3147 549 3227 Septemb.
564 3150 651 3209 loct.
667 3148 757 3228 (apud
773 3146 884 3209 Illeroti
901 3146 934 3205 io
945 3144 1014 3205 lod.
1027 3164 1109 3207 curn.

100 3232 183 3308 596.)
199 3233 253 3294 ubi
264 3234 307 3293 sic
321 3232 434 3293 dictum
445 3233 520 3293 luite
535 3234 637 3295 Μίδεω
657 3230 836 3312 sacrificium
849 3236 944 3310 potcst
955 3230 1060 3309 percpi
1077 3228 1112 3291 ic

96 3313 215 3394 publico
236 3316 367 3378 oratorio
396 3315 432 3379 de
456 3312 576 3377 licentia
597 3316 740 3398 Episcopi
763 3320 925 3377 constructo
949 3314 983 3373 io
1011 3312 1111 3376 diebos

97 3397 323 3464 solemnioribus
345 3400 436 3473 onai,
461 3398 619 3463 dummodo
641 3400 747 3463 babeat
767 3400 868 3459 osonio
894 3395 1038 3478 requisito
1070 3396 1112 3461 od

97 3482 262 3547 Ecclesiam
273 3481 319 3546 ccl
334 3484 376 3546 od
386 3482 537 3566 publicum
548 3484 713 3545 oratorium
727 3479 971 3545 constituendum.

136 3570 242 3651 Neque
254 3571 308 3635 lll.
322 3571 356 3634 io
368 3571 504 3636 oratoriis
523 3570 628 3635 erectis
641 3569 675 3633 in
695 3568 810 3649 palatiis
821 3568 1051 3713 Episqoporum
1075 3577 1110 3633 ut
