2450 3975
210 208 282 290 Cap.
293 211 322 271 5.
333 209 519 272 muniar.
533 213 957 295 utcsttacriticiurn.1)ub.ii.
1026 221 1083 282 255

83 325 215 387 magnam
234 307 294 369 dici
304 318 418 388 partem
432 311 608 385 insumunt,
627 313 746 375 missam
760 315 832 377 veri
845 360 854 390 ,
866 334 932 395 quae
947 319 1082 381 omnium

82 399 125 453 cst
136 390 351 454 divinissimum
362 440 370 466 ,
382 413 442 457 non
453 395 590 457 dubitant
602 397 775 459 brevissimo
787 408 918 479 tempore
928 403 1081 481 perlicere,

81 495 134 538 nec
154 476 209 555 ipsi
236 479 274 538 ab
293 477 349 538 hoc
361 479 525 541 detestabili
544 482 637 542 abusu
661 501 693 543 se
710 484 879 557 abstindre,
898 503 952 546 nee
968 487 1081 566 prelati

80 579 127 621 eas
139 562 286 641 corripere
297 574 413 624 curant.
426 566 469 625 En
482 567 632 643 quamodo
643 567 680 628 ‹ie
692 567 748 628 hoc
759 570 950 646 conqueritur
959 589 1083 632 venera·

78 645 142 707 bilis
152 647 236 706 card.
253 644 411 718 Bellum..
423 651 531 709 relatus
541 651 573 710 in
586 651 686 723 bulla,
701 651 806 713 Annua
816 653 888 732 qui,
903 660 956 714 etc.
970 655 1011 714 N.
1027 657 1080 718 88.

77 729 183 793 amat.
199 733 292 795 XIV.
314 729 406 794 attae
424 741 468 794 eat
490 736 579 795 etium
601 731 740 817 iacrymis
760 735 917 798 uberrimis
940 736 1080 818 dianam,

61 815 152 896 auid
162 813 197 878 air
215 813 428 877 mauritarum
441 817 623 895 sacerdotum
642 819 808 895 incuriam,
823 828 878 880 aut
903 820 1083 903 impietatem

73 911 259 964 eouoonnctu
270 901 411 982 mysterio
426 911 487 963 tarn
504 904 636 966 indecori
647 914 823 980 tractentur,
841 915 877 968 ut
892 907 946 989 qui
954 905 1008 970 itta
1021 919 1083 970 tro·

74 994 169 1057 etant,
181 986 341 1048 uideantur
351 1006 412 1048 nan
425 988 536 1050 credere
549 993 585 1050 M
586 990 737 1072 ujeatotem
750 991 874 1052 Domini
882 1011 940 1054 esee
955 1011 1082 1074 praeca·

75 1078 137 1132 tem.
145 1070 193 1132 Sic
200 1071 280 1132 enirn
286 1069 383 1152 aliqui
390 1072 454 1133 siue
462 1073 573 1154 spiritu
577 1121 587 1152 ,
597 1075 661 1135 sine
669 1075 857 1155 affectuaiue
870 1074 981 1150 timore,
989 1085 1083 1139 ettrc·

72 1173 157 1232 more,
166 1154 356 1234 festinatione
363 1154 528 1218 incredibili
535 1177 653 1220 aeonem
658 1159 818 1240 perficiunt
822 1163 929 1241 ,quusi
934 1161 992 1240 fide
1000 1161 1081 1223 Cirri-

72 1247 147 1300 atum
153 1240 386 1301 Danainurnaan
394 1239 602 1312 uidereut‚aut
614 1243 651 1305 ab
659 1263 691 1304 co
703 1263 733 1305 sc
744 1243 839 1306 vidiri
849 1263 911 1305 non
923 1245 1079 1307 crederent.

108 1326 176 1384 tot.
189 1326 318 1385 -Dicit
332 1336 432 1386 autem
454 1329 568 1388 Meroti
579 1347 613 1410 p.
627 1329 696 1389 788.
717 1348 751 1390 n.
765 1331 794 1389 5.
815 1338 922 1408 prater
939 1329 1080 1390 Rubrium

72 1408 210 1483 llissalis,
230 1428 297 1488 quae
316 1410 540 1471 considerantur
553 1421 696 1491 tanquam
718 1413 818 1492 regula
835 1414 967 1492 proxima
983 1431 1081 1474 sacra·

71 1509 137 1551 rum
150 1494 273 1554 ilituum
283 1538 291 1567 ,
302 1494 626 1559 adesseetiamdecreta
639 1499 670 1558 S.
683 1500 717 1559 C.
731 1499 853 1559 ilituum
866 1543 874 1569 ,
886 1517 952 1577 quae
966 1499 1078 1560 censeri
1114 1545 1118 1549 .

70 1575 177 1637 debent
203 1579 316 1657 pariter
332 1588 366 1638 ut
376 1581 478 1658 regula
495 1584 630 1659 proxima
644 1626 653 1656 ,
667 1579 735 1643 e‘iun
750 1581 812 1643 hece
824 1583 895 1643 S.C.
910 1582 1078 1643 facultatem

69 1659 172 1725 habeat
191 1663 359 1724 declarandi
375 1667 474 1726 omnia
489 1668 601 1739 dubia,
622 1687 688 1746 quea
709 1668 786 1728 circa
808 1667 883 1729 ritus
897 1670 1076 1746 insurgunt,

72 1756 161 1823 prout
177 1748 327 1826 colligitur
339 1767 375 1806 ex
384 1749 598 1812 Constitutione
608 1753 659 1812 tt.
673 1750 755 1810 Sinti
763 1753 799 1812 V.
813 1759 843 1810 ct
856 1749 923 1810 ideit
935 1751 1081 1828 ejusreso·

67 1831 194 1894 lutiones
207 1830 356 1891 habentur
373 1841 523 1910 tamquam
536 1835 688 1895 Pontificis
701 1834 828 1895 oracula.
840 1837 929 1896 Natat
938 1833 1008 1895 vero
1017 1853 1077 1896 non

67 1933 170 1976 omnes
188 1912 253 1993 ejus
271 1915 481 1976 declarationes
498 1917 556 1977 dici
576 1919 692 1979 decreta
713 1917 844 1999 rigaras&
868 1927 1004 1999 sumpta,
1026 1920 1076 1980 scd

67 2000 183 2063 tantum
201 2019 254 2073 ca,
270 2020 336 2080 quae
351 2013 489 2062 emanant
510 2003 649 2064 informa
663 2005 917 2081 rigorosadecreti
931 2005 1001 2077 ,vel
1018 2006 1076 2065 sal·

67 2094 125 2146 tem
147 2088 179 2147 in
204 2085 265 2146 line
287 2084 397 2145 habent
423 2086 551 2164 aliquam
578 2089 688 2150 decreti
713 2090 898 2161 clausulam,
923 2088 1011 2167 puli,
1036 2086 1074 2151 air

65 2169 199 2232 cornibus
209 2177 361 2232 armetur:
372 2170 486 2231 armori
500 2172 538 2234 at
552 2172 688 2235 omnibus
702 2172 876 2246 nmudooit,
891 2181 944 2235 etc.
959 2175 990 2234 Si
1003 2172 1075 2234 veri

68 2264 136 2314 sunt
151 2256 362 2318 declarationes
379 2254 495 2316 aarum
514 2258 696 2330 dubiorum,
715 2268 787 2319 tune
805 2258 890 2335 juxta
915 2256 1075 2317 nonnullo-

67 2355 132 2399 rum
139 2340 310 2419 opinionem
320 2342 802 2415 censenturdumtaxatdirectirae,
810 2342 1075 2420 reputanturenim

67 2424 493 2501 sapientissimornmvirorum
503 2445 653 2505 responsa.
667 2426 779 2488 Variam
791 2428 833 2488 ait
847 2427 955 2507 Ursaju
971 2424 1074 2504 hujus·

66 2508 144 2569 modi
156 2510 352 2571 resolutiones
372 2510 568 2590 praeferendas
589 2528 654 2572 esse
681 2512 808 2572 aliorum
833 2512 989 2573 doctorum
1008 2512 1073 2590 opi-

67 2592 214 2654 nionibus.
230 2595 387 2673 llucnaquc
408 2595 531 2657 Macati.
559 2596 643 2657 idem
661 2597 752 2657 sentit
773 2594 881 2657 Burei.
912 2598 1012 2655 Amor.
1048 2604 1072 2657 t.

69 2676 99 2735 5.
111 2676 145 2737 de
162 2696 242 2740 sacr.
256 2678 329 2740 Ord.
340 2677 368 2759 S.
380 2680 430 2739 id.
442 2696 473 2758 q.
487 2680 518 2739 o.
535 2680 570 2741 in
589 2682 724 2759 sequenti
737 2690 834 2741 autem
846 2696 877 2759 q.
893 2681 938 2740 to.
954 2678 1072 2759 querit,

67 2761 302 2841 qnidagendum,
315 2765 340 2824 ai
353 2764 385 2823 in
394 2764 492 2841 aliqua
503 2763 638 2836 etamsi,
653 2766 700 2825 vel
713 2765 816 2825 ordine
827 2764 964 2845 religioso
975 2765 1074 2845 vigeat

67 2848 244 2909 consuetudo
253 2849 399 2909 contraria
411 2848 563 2911 Rubricis?
572 2852 609 2909 Et
621 2851 662 2909 sic
669 2850 846 2929 respondet:
858 2851 889 2911 8.
903 2853 934 2911 C.
948 2847 1072 2913 Ilituurn

67 2939 231 2993 cantantur
245 2931 351 2993 tolerat
363 2932 617 3007 desuetudinem,
629 2932 734 2997 saitem
752 2933 992 2997 immemorietem
1004 2954 1072 2997 con·

69 3014 191 3076 trariarn
200 3016 347 3080 Rubricia.
365 3021 471 3097 ltaque
485 3023 550 3079 tutd
574 3022 751 3083 conscicntid
764 3019 829 3083 iicet
842 3039 872 3083 aa
888 3020 1072 3101 confortatore

68 3100 268 3161 caunetudini
278 3100 463 3178 diocesano,
473 3109 640 3184 prasertim
651 3104 685 3167 in
697 3102 905 3168 rebuaieuioris
916 3108 1069 3175 momenti,

68 3194 130 3258 mre
148 3200 210 3243 non
231 3184 339 3247 cedunt
352 3185 386 3247 in
405 3184 623 3266 deformitatem
641 3188 738 3252 cultris
746 3187 872 3272 publici.
892 3189 1070 3266 ldquceruit

70 3267 246 3343 expluribus
258 3269 383 3332 decretis
397 3272 429 3332 S.
449 3274 482 3333 C.
496 3274 573 3352 opud
591 3277 702 3337 Merui.
719 3276 770 3337 ubi
793 3276 835 3335 ait
849 3273 991 3351 apparere
1009 3290 1069 3333 uon
1103 3326 1106 3332 .

69 3347 147 3425 rejici
159 3356 406 3435 consuetudines,
421 3357 478 3417 nisi
493 3360 664 3421 contineant
676 3361 832 3438 positivam
851 3357 1068 3431 indecentiam,

70 3450 132 3509 quae
148 3448 273 3517 nequeat
287 3439 425 3501 decenter
438 3441 570 3503 tolerari.

104 3520 171 3582 ⁴02.
185 3556 224 3569 -
234 3526 400 3587 Praescribit
408 3533 508 3588 autem
525 3525 654 3588 Rubrica
668 3524 866 3587 celebrantem
880 3523 988 3585 dehere
1006 3542 1068 3587 mse

70 3600 234 3746 nuptum.
253 3608 300 3672 Ad
314 3607 372 3671 hoc
396 3618 496 3673 umen
520 3610 649 3687 sufficit,
667 3616 702 3673 ut
716 3610 756 3671 sit
772 3607 914 3753 indutu&
918 3608 1066 3689 crepidis,

132 3705 188 3749 our.
201 3693 256 3755 Vt.
