2450 3975
264 136 338 216 Cup.
356 132 666 217 1111111111111111
681 134 940 218 coarctamur.
1050 139 1109 202 181

87 235 478 313 confessariusdubitet,an
497 232 602 294 babeat
611 231 846 314 jurisdictionem
863 237 895 296 in
913 235 1107 316 paenitentem

87 323 155 403 (11,
170 324 210 391 ita
226 323 336 405 Sporer
343 318 375 382 d.
385 339 418 382 11.
427 321 495 381 ota.
515 319 571 398 Sed
581 318 638 383 buc
653 337 712 398 nou
726 319 931 396 admitterem,
946 321 1105 406 nisipoeni·

87 421 156 471 tens
173 409 226 468 diu
250 407 372 468 deberet
394 406 495 468 carere
515 405 725 470 absolutione:
746 414 776 466 et
792 408 825 465 in
839 405 895 466 hoc
915 425 981 483 cusu
1001 425 1105 469 censeo

87 492 186 555 teneri
203 492 412 567 confessarium
429 490 590 569 patefacere
603 490 761 568 poenitenti
780 490 833 568 qui
849 491 877 552 ei
902 492 1050 552 consessus
1068 493 1107 557 sis

88 577 224 652 mortalia
235 620 246 655 2
257 574 337 654 qudd
351 577 414 654 ipse
433 573 553 634 'tantiam
571 574 627 634 sub
642 574 811 654 conditione
828 575 978 638 absolutus
999 578 1053 651 sit,
1070 586 1104 643 ut

87 662 112 722 si
141 661 330 742 postmodum
351 657 427 721 sorte
450 668 555 734 notum
579 659 651 734 irat,
676 657 756 736 qubd
788 659 979 721 confessarius
1002 659 1105 724 reveri

87 756 202 826 careret
217 744 447 834 jurisdictione,
470 744 617 844 poenitens
639 742 750 804 iterium
778 743 955 815 confiteatur
989 757 1104 826 peccata

89 831 161 914 illa,
180 839 214 891 ut
229 830 345 892 debeat.
363 831 416 907 lll.
432 829 461 888 Si
480 835 585 908 urgeat
603 829 757 898 necessitas
769 829 946 909 suscipiendi
969 829 1107 904 Euchari-

86 918 197 990 stiam,
219 923 252 974 ut
267 915 371 977 dicunt
393 916 570 994 1111111111,
585 922 615 973 11
632 915 719 994 Sper.
740 908 774 972 ll.
789 930 829 972 cc.
851 913 907 973 Sed
934 912 983 974 bic
1007 915 1105 996 obiter

87 1000 324 1070 advertendum,
340 997 421 1078 qubd
436 997 504 1064 ticet
514 998 621 1076 aliquis
635 1005 732 1087 posset
745 997 777 1058 in
792 996 961 1076 hujusmodi
979 1004 1105 1066 necessi·

87 1095 149 1148 tate
162 1086 218 1146 sub
239 1086 408 1147 conditione
424 1083 556 1161 absolvi,
569 1083 637 1162 quia
651 1084 718 1144 talis
739 1087 892 1144 necessitas
909 1085 1103 1162 sufficientem

87 1171 202 1249 praebet
222 1188 337 1252 causam
350 1169 526 1246 confessario
544 1169 715 1229 absolvendi
732 1169 788 1229 sub
802 1169 989 1246 conditione3
1008 1175 1104 1251 poeni-

87 1265 156 1316 tens
171 1266 269 1317 tamon
289 1275 350 1335 non
362 1263 459 1336 posset
479 1253 616 1331 accudere
629 1255 667 1329 ad
678 1255 916 1317 communionem
930 1299 939 1326 ,
952 1257 1008 1318 nisi
1021 1257 1102 1324 certd

88 1341 247 1421 dispositus
265 1342 395 1402 odiliam
410 1340 468 1420 (vel
481 1341 583 1400 saltem
601 1339 794 1419 probabiliter
806 1383 814 1409 ,
825 1339 908 1418 juxta
920 1341 994 1404 alius
1009 1343 1103 1422 eitun·

88 1425 143 1487 dos
158 1426 234 1487 insr'a
256 1445 288 1488 a.
305 1424 387 1506 bib.)
397 1426 432 1486 ud
442 1423 498 1485 hoc
510 1434 545 1485 ut
557 1434 653 1485 servet
671 1433 851 1504 praeceptum
865 1427 1007 1504 apostoli,
1021 1427 1101 1510 quod

89 1529 193 1572 omnes
214 1513 354 1572 accedant
374 1511 514 1590 probati-3
526 1510 606 1584 unde
627 1510 659 1570 in
675 1526 758 1570 mero
783 1509 908 1586 dubion
945 1511 1025 1574 ativo
1041 1531 1102 1576 suae

88 1595 288 1676 dispositionis
308 1613 396 1675 nemo
409 1603 506 1675 potest
517 1596 758 1676 communionem
771 1529 981 1678 suscipereelffl.

117 1819 150 1881 (1)
162 1837 176 1873 ι,
192 1816 296 1867 111111
306 1823 422 1878 putonou
438 1829 492 1870 ease
501 1816 672 1868 admittendum
682 1848 688 1871 ‚
704 1817 748 1865 nisi
759 1818 814 1865 sins
825 1817 939 1879 penitens
950 1819 1064 1867 existerat
1078 1822 1102 1868 in

89 1903 103 1928 ι
120 1885 213 1932 mortali
233 1891 259 1935 et
277 1885 335 1942 eliis
349 1884 449 1930 muttum
462 1883 576 1942 temporis
594 1883 742 1946 absolutione
758 1885 845 1946 privari
863 1883 972 1942 deberet.
988 1887 1102 1936 Praeterea

88 1967 101 1993 s
119 1949 166 1997 boo
184 1949 256 1998 debet
278 1948 376 2009 intelligi
396 1948 420 1994 in
445 1948 495 1996 soto
510 1947 581 2006 dubio
595 1946 668 2005 iacti;
689 1944 745 2011 quis
762 1949 782 1997 si
795 1949 930 2009 jurisdictio
942 1941 1103 2017 'oet'positivb

89 2034 102 2057 a
119 2016 191 2064 dubia
200 2016 231 2063 de
242 2017 310 2075 jure,
326 2014 408 2070 idest,
419 2014 439 2061 si
456 2014 585 2093 probabilia
600 2022 637 2062 est
647 2012 677 2062 ab
690 2014 735 2083 Dii.
753 2004 932 2072 anctoritatem,
944 2016 1006 2082 bene
1024 2027 1103 2079 potest

89 2103 102 2127 ι
119 2080 236 2132 absolutio
246 2082 355 2131 absolute
363 2080 482 2133 conteres.
495 2094 548 2127 nam
558 2090 616 2128 tunc
626 2082 722 2143 appplet
740 2080 862 2138 Ecclesia,
873 2097 969 2145 semper
978 2098 1007 2131 ae
1023 2087 1102 2145 pravis

89 2168 102 2191 s
119 2150 187 2197 adest
197 2164 277 2197 musa.
290 2167 304 2191 ι
319 2149 359 2212 lta
374 2148 401 2193 S.
418 2147 551 2209 Atoboaatta
567 2148 596 2195 a‘a
608 2149 680 2200 uois.
699 2150 747 2209 Ap.
758 2154 790 2197 ir.
804 2149 839 2198 16.
859 2148 919 2207 Μ.
937 2150 1023 2209 cesla?
1036 2152 1103 2211 lussit

90 2229 116 2262 11.
127 2218 179 2262 571.
191 2215 243 2262 5⁷2
257 2212 309 2260 573.
319 2211 371 2258 aot.
381 2211 432 2258 901.

118 2290 152 2348 (2)
169 2308 180 2331 ι
195 2288 220 2336 ln
236 2283 668 2343 bordistinguendumstrideoduan.
686 2284 762 2347 iuquit
775 2286 800 2335 S.
812 2287 884 2345 Alpi.
904 2288 1027 2345 (revocans
1037 2288 1102 2347 quod

91 2372 103 2396 s
122 2351 248 2399 11111111.
267 2350 362 2402 noratis
380 2350 517 2411 scripserat)
527 2352 554 2401 ia
565 2352 635 2397 fluas.
648 2354 694 2409 Ap.
707 2356 738 2397 tr.
749 2352 786 2398 to.
798 2365 823 2397 ss.
834 2353 856 2397 o.
867 2365 896 2397 sn
907 2352 1004 2398 dubium
1024 2352 1055 2399 sit
1071 2353 1103 2400 de

90 2438 103 2461 s
120 2416 213 2480 peceati
225 2416 318 2465 actione
328 2424 369 2463 aut
381 2417 413 2467 ds
422 2415 570 2467 ooniessione
586 2412 680 2476 peceati
689 2417 737 2475 jscn
753 2410 947 2476 commissionis
958 2417 978 2463 si
988 2417 1101 2477 paenitens

89 2502 102 2528 ι
120 2491 258 2534 suscensus.
277 2481 340 2542 qnid
357 2496 429 2541 praee
445 2489 569 2543 peccatum
589 2482 693 2541 patravit
710 2489 736 2532 et
754 2483 807 2543 ejus
821 2482 943 2543 dispositio
956 2489 994 2537 est
1009 2482 1100 2537 dubis,

90 2569 103 2593 s
119 2550 161 2596 ilie
180 2550 354 2595 communicare
365 2547 446 2608 nequit
454 2580 461 2601 ‚
470 2547 527 2593 licet
539 2546 662 2597 absolutus
672 2546 756 2593 fuisset
774 2547 818 2593 sub
828 2547 975 2603 conditione,
986 2552 1010 2593 et
1024 2548 1044 2593 si
1055 2562 1101 2593 nou

90 2633 102 2658 s
120 2621 198 2675 potest
215 2613 405 2665 communicare,
425 2627 469 2658 nec
490 2612 562 2659 etiam
586 2618 663 2672 potest
679 2612 780 2665 absolvit
802 2627 855 2657 nam
872 2620 929 2658 tunc
945 2610 1014 2663 deest
1030 2626 1102 2660 causa

89 2697 102 2722 s
119 2680 264 2727 necessitatis
279 2678 479 2730 communicandi,
490 2684 518 2723 ut
527 2677 571 2723 sub
582 2678 717 2725 conditione
728 2677 901 2723 absolveretur.
916 2694 928 2720 s

99 2806 102 2809 ⁴
120 2753 148 2799 Et
158 2753 184 2809 in
195 2754 266 2809 Hom.
277 2753 325 2809 Ap.
336 2756 366 2797 tr.
377 2751 413 2797 15.
423 2764 448 2797 ss.
463 2749 501 2796 ttt.
510 2750 660 2811 questionem
672 2768 678 2795 =
692 2769 704 2791 α
714 2751 747 2797 Au
758 2749 869 2797 dubitans
880 2749 912 2801 sit
920 2750 957 2798 sel
969 2764 998 2809 ne
1009 2751 1033 2798 in
1046 2766 1102 2813 pra·
1147 2749 1150 2755 '

90 2837 103 2862 ι
119 2819 171 2872 tia,
190 2818 262 2875 possit
279 2817 451 2863 communicare
465 2832 477 2856 a
494 2817 520 2861 S.
537 2817 672 2872 Alpboasua
683 2816 715 2863 lta
724 2817 816 2862 solvit:
833 2816 941 2877 «Siquis
955 2816 1060 2873 dubitat,
1071 2834 1101 2867 an

90 2905 104 2931 s
120 2883 225 2943 praviter
239 2881 375 2943 peccaverit
384 2895 459 2928 necne
470 2914 477 2934 .
489 2882 639 2935 iunctione,
655 2896 700 2927 nou
717 2881 835 2941 premissa
852 2882 1011 2938 contensiose,
1023 2892 1102 2944 potest

90 2973 103 2997 s
120 2948 150 2998 sd
169 2951 356 2997 communionem
373 2948 502 2999 accedere.
524 2948 575 2993 sisa
591 2948 690 2993 dubium
704 2948 736 2993 sit
750 2948 897 3006 negativum,
912 2949 962 2995 sive
978 2952 1103 3009 positivum

91 3037 103 3060 s
121 3016 266 3071 (sufficiendo
277 3016 321 3060 s'zbi
336 3021 363 3060 ut
373 3012 448 3059 tutius
463 3013 566 3059 fructum
577 3014 716 3059 sacramenti
728 3013 859 3075 percipiat,
870 3022 897 3059 ut
911 3019 1036 3074 praemittst
1045 3032 1103 3063 oon·

90 3104 103 3127 s
121 3082 261 3138 tritionemls
271 3082 328 3141 quia
338 3087 481 3141 preceptum
492 3078 596 3139 Apostoli
608 3096 614 3123 e
627 3080 711 3129 Probet
722 3086 800 3126 nutem
811 3080 912 3137 seipsum
921 3082 1000 3137 bomo,
1011 3083 1102 3131 rstions

90 3167 103 3192 s
120 3148 190 3207 cnjus
209 3146 350 3205 intelligitur
363 3152 482 3204 precepta
500 3158 552 3190 esse
571 3144 702 3201 contento,
724 3148 752 3192 sit
771 3144 902 3194 declaravit
919 3147 1100 3201 Tridentium.

90 3232 103 3257 ι
119 3214 177 3272 lipsi
193 3214 285 3258 tantdrn
304 3226 345 3259 eos
364 3212 405 3272 qui
425 3219 481 3257 aaut
495 3210 598 3264 conscii,
609 3226 694 3273 nempe
712 3216 780 3260 certe
799 3212 875 3257 sciunt
893 3223 918 3257 se
928 3214 1027 3259 mortale
1037 3228 1102 3260 com-

90 3299 102 3322 s
120 3277 226 3327 misisse.
238 3276 269 3321 ds
278 3289 327 3334 quo
336 3290 382 3322 uon
396 3283 453 3322 sunt
465 3274 544 3322 adbuc
554 3276 671 3333 confessi,
683 3286 710 3325 ut
724 3280 786 3326 idern
797 3275 960 3325 Tridentinum
972 3279 1103 3327 decisi-avit

90 3363 103 3386 ι
120 3356 177 3389 sess.
197 3342 235 3388 ts.
251 3342 419 3388 e.¹1.diceuss
433 3342 465 3387 Ut
475 3345 607 3390 1111111111
616 3347 720 3393 marsim
735 3345 938 3403 praemissortoiia
948 3376 955 3398 ,
964 3345 996 3389 ud
1012 3346 1103 3393 1111111·

92 3428 105 3452 ι
120 3408 215 3455 moises
228 3406 520 3468 amabaturque
535 3419 679 3471 praeceptum
698 3408 864 3469 prohibitionis
875 3422 920 3453 non
931 3407 1013 3467 incipit
1028 3412 1102 3469 possi-
1201 3436 1204 3443 ·

91 3492 105 3517 s
121 3472 194 3523 dere,
204 3470 249 3517 nisi
261 3479 383 3533 postquam
392 3472 465 3520 bomo
472 3474 504 3518 sit
513 3475 549 3520 sui
561 3474 653 3533 peccati
663 3474 779 3520 conscius.
787 3475 872 3521 Contra
883 3474 903 3520 si
914 3473 968 3533 quis
973 3484 1009 3521 est
1019 3485 1102 3524 certus

91 3556 105 3579 s
120 3535 151 3582 ds
160 3539 402 3597 peccatocommisso‚
413 3544 471 3585 tuno
479 3553 525 3587 uon
542 3547 621 3600 potest
629 3536 816 3595 communicare,
828 3539 872 3587 uisi
882 3547 962 3586 certus
969 3541 1012 3597 sit,
1022 3554 1048 3589 ss
1057 3556 1101 3605 pes
