2450 3975
128 164 189 227 510
373 158 438 223 tit.
457 160 488 221 6.
503 158 600 221 Troct.
612 160 643 221 1.
655 159 701 221 De
710 159 896 241 parcitentia.

122 261 198 325 hane
212 259 443 341 propositionem
457 278 465 319 r
478 260 539 320 Per
554 258 776 333 contritionem,
787 278 849 321 non
866 258 999 323 adhibito
1014 259 1133 325 realiter

45 370 50 379 ·
122 353 323 421 meromonto,
336 362 397 405 non
409 341 571 405 dimittitur
581 350 732 423 peccatum
746 352 832 405 entra
850 362 952 405 cocum
971 346 1130 425 martyrii,

123 438 179 491 aut
205 427 396 491 necessitatis.
420 429 495 487 item
523 426 619 487 cleros
643 427 808 489 Gallicanus
836 428 867 489 in
890 430 1025 489 comitiis
1043 431 1134 491 Gene-

122 514 233 575 ralihua
258 532 309 573 an.
337 515 425 573 1700.
450 506 666 591 (66616661.
698 515 809 573 Tourn.
841 509 997 573 thidum.
1027 514 1057 573 5.
1081 516 1133 576 de·

121 598 243 659 claravit
263 616 272 657 2
296 600 366 659 Huc
391 594 449 656 duo
475 611 512 653 eac
536 594 568 655 8.
593 592 712 675 8666616
735 594 911 657 Tridentino
930 596 1079 657 monenda
1104 606 1133 659 et

121 679 249 743 docendo
270 699 328 743 eoae
349 676 537 760 optimum,
565 696 602 738 ne
626 677 695 759 quie
720 686 805 758 putet
828 677 861 739 in
884 688 1068 741 reuomente
1087 699 1134 741 re-

122 765 207 845 quiri
220 775 254 827 ut
269 764 412 847 66661666
426 761 629 825 contritionem
645 760 748 839 itiam,
769 781 836 845 quoe
849 764 889 824 sit
902 762 1045 825 charitate
1073 785 1136 847 666·

122 849 215 931 fecta,
227 858 256 911 et
271 867 353 930 6666,
371 854 531 930 autequam
548 847 747 930 succipiatur,
770 848 919 909 hominem
930 849 994 910 Dec
1011 849 1134 912 reconci-

122 931 280 996 liatdtem
297 932 398 993 eadem
418 933 550 993 Facultas
569 934 663 995 Paria.
683 951 760 995 anno
775 935 863 995 1658.
877 933 992 993 notavit
1009 937 1133 997 censori

121 1018 231 1079 librom
255 1016 407 1094 cujusdam
431 1010 553 1077 Claudii
573 1016 763 1097 8666666111,
789 1016 917 1077 dicens:
944 1018 1017 1092 Quae
1039 1018 1135 1079 tradit

121 1109 223 1162 auctor
234 1100 269 1161 de
284 1098 449 1163 attritionis
468 1094 696 1181 insufficientia,
714 1109 742 1161 et
757 1100 941 1163 contritionis
951 1120 988 1162 ea
1002 1100 1132 1181 perfecta

121 1184 263 1246 charitate
284 1181 418 1247 absoluto
440 1186 608 1245 necessitate
634 1183 675 1246 ad
696 1184 894 1267 recipiendum
914 1194 1131 1247 samnmentum

120 1268 317 1350 ponitentiae5
337 1278 366 1329 et
385 1287 452 1349 quae
473 1266 559 1330 addit
578 1267 829 1342 dementatione,
849 1268 929 1351 quid
947 1265 1027 1330 uitii
1047 1268 1134 1331 atiud

121 1354 177 1424 611,
188 1354 278 1433 qudm
292 1351 450 1415 declaratio
463 1353 575 1435 6666611
581 1352 650 1433 jum
664 1352 780 1419 66661661
790 1398 798 1425 ,
808 1350 1131 1428 tamnautracntns,

120 1445 150 1497 et
166 1437 278 1499 cenauit
294 1434 363 1499 ittae
380 1436 592 1519 propositiones
611 1456 670 1499 erse
688 1433 926 1519 proeiEccieaiae
947 1438 1130 1516 contrariae,

121 1515 255 1601 efficaciae
264 1520 442 1581 odoramenti
452 1519 632 1601 poenitentioe
642 1518 865 1599 imminutione,
878 1530 906 1583 et
916 1522 1040 1603 insuper
1052 1529 1136 1582 tenue»

121 1606 236 1683 rorice,
256 1614 283 1667 et
302 1623 449 1667 erroneae.
468 1607 506 1667 Ut
529 1614 630 1667 antem
647 1616 730 1667 notat
755 1610 866 1668 Toum.
879 1606 950 1668 dict.
966 1603 1021 1669 loc.
1035 1604 1130 1686 insrd.

122 1692 278 1771 praedictus
294 1700 395 1753 auctor
413 1709 473 1753 non
486 1690 549 1769 jam
568 1691 745 1771 loquebatur
756 1692 793 1752 dc
806 1690 983 1754 contritione
997 1693 1131 1766 intensa,

121 1776 173 1837 sod
185 1774 301 1837 tantini
318 1777 355 1837 de
367 1777 488 1842 remissa
506 1796 541 1838 en
554 1778 665 1838 motivo
684 1774 1132 1850 charitatis‚ci1mhanedistin·

121 1863 228 1941 gnebat
246 1862 263 1921 1
283 1862 385 1924 dolore
407 1882 443 1923 ex
463 1863 575 1924 motivo
595 1861 748 1941 gehennae.

158 1944 244 2018 Quod
270 1955 369 2008 antem
396 1947 491 2009 omnis
517 1948 656 2008 contritio
681 1948 778 2009 deleat
800 1956 938 2026 peccata,
963 1945 1129 2026 probatur,

120 2029 187 2108 qnia
204 2038 283 2088 actus
295 2031 482 2091 contritionis
492 2039 535 2092 est
546 2031 677 2093 sarmatis
688 2042 768 2093 actus
779 2032 927 2094 charitatis
936 2050 1005 2110 erga
1016 2034 1110 2093 Deum
1119 2078 1133 2107 ,

118 2113 181 2175 6166
204 2113 362 2174 intrinseci
388 2113 562 2190 conjunctus
590 2135 658 2176 cnm
685 2115 843 2184 charitate,
873 2125 908 2176 ut
932 2117 1132 2177 communiter

120 2197 225 2260 6166661
234 2195 328 2260 86166.
341 2197 485 2281 deponit.
499 2217 525 2260 6.
540 2201 570 2258 1.
582 2217 615 2280 6.
624 2201 655 2261 i.
667 2219 700 2260 n.
713 2201 761 2260 15.
773 2219 841 2262 cum
852 2204 885 2262 8.
898 2203 1015 2261 Bonae.
1027 2201 1135 2276 86616,

99 2302 105 2312 ·
119 2281 189 2347 rat.
203 2281 320 2357 116661,
333 2293 386 2345 616.
403 2283 492 2345 Graio
503 2283 524 2346 1.
538 2287 566 2347 6.
579 2303 612 2367 6.
631 2288 661 2347 1.
675 2305 708 2346 n.
723 2286 792 2346 727.
805 2276 984 2368 66661666,
999 2287 1134 2360 Acerra,

119 2372 228 2453 116666,
241 2378 269 2430 61
279 2371 381 2431 Germ.
396 2389 434 2431 ea
448 2371 489 2430 D.
510 2371 563 2434 Th.
579 2373 607 2432 5.
620 2391 653 2452 6.
665 2373 753 2451 681.
767 2381 826 2432 ort.
839 2375 870 2433 6.
882 2381 910 2433 61
920 2391 949 2452 6.
961 2373 1010 2432 86.
1022 2377 1082 2430 661.
1095 2373 1128 2431 5.

119 2454 302 2518 Nccvidetur
311 2455 340 2516 id
352 2474 436 2536 posse
445 2455 588 2531 dubitari;
598 2476 667 2518 nam
675 2457 843 2535 peregregii
853 2459 1032 2536 loquitan.
1042 2458 1128 2517 Frus-

117 2557 180 2602 oen.
201 2549 222 2603 t.
240 2543 288 2602 10.
309 2559 341 2622 6.
370 2543 458 2615 1516,
480 2543 602 2617 dimna,
629 2542 710 2621 quid
742 2543 957 2602 insubstantia
986 2543 1131 2608 contritio

119 2643 179 2686 non
191 2633 234 2686 est
245 2626 442 2704 imperfectior
454 2625 612 2699 charitate,
625 2637 751 2704 utroque
763 2628 843 2686 enim
859 2626 954 2687 tendit
966 2627 1002 2705 in
1011 2628 1131 2700 06666,

117 2709 167 2772 sed
179 2709 296 2772 diverso
315 2712 403 2772 modo
416 2733 425 2770 e
439 2711 565 2774 chariton
583 2713 679 2772 tendit
697 2713 730 2772 in
749 2714 845 2772 Deum
858 2730 912 2790 per
924 2711 1046 2772 modum
1062 2728 1132 2770 con-

117 2795 295 2866 6666116616,
309 2803 344 2856 ut
363 2813 513 2858 summum
530 2798 661 2874 bonnm3
681 2797 819 2858 contritio
837 2794 909 2858 6660
929 2813 983 2875 666
1002 2793 1130 2856 modum

117 2883 211 2959 fugae,
224 2878 369 2956 quatenns
389 2878 479 2942 horno
493 2882 657 2943 detestatur
678 2890 843 2960 peccatum,
856 2890 890 2941 nt
904 2877 1056 2941 summurn
1069 2897 1132 2938 ma·

118 2968 202 3037 lom,
223 2973 325 3042 utpote
347 2967 410 3025 Deo
430 2967 609 3043 oppositum.
631 2965 764 3028 Charitas
786 2967 882 3027 tendit
901 2962 1071 3027 immediate
1094 2964 1133 3027 in

117 3054 232 3122 Deum,
249 3054 279 3108 61
293 3047 418 3110 mediati
437 3051 468 3109 in
484 3049 586 3112 odium
605 3051 735 3130 peccati3
748 3051 888 3111 contritio
903 3058 1002 3109 autem
1023 3049 1132 3110 imme-

76 3179 78 3184 ·
116 3134 195 3197 diati
209 3133 355 3196 inedium
372 3135 494 3211 6666611,
508 3144 538 3195 61
549 3134 676 3198 mediati
689 3136 721 3194 in
732 3153 866 3196 amorem
876 3134 942 3195 Dei.
956 3131 1041 3194 Unde
1053 3151 1133 3194 con-

117 3220 229 3290 cludit,
244 3217 324 3296 quhd
337 3218 477 3280 contritio
490 3219 527 3278 sit
539 3228 620 3280 actus
640 3219 771 3279 formalis
788 3217 958 3292 charitatis,
972 3214 1042 3277 chm
1055 3235 1133 3295 pro-

117 3304 245 3378 6166061
259 3303 446 3364 dilectionem
459 3301 548 3364 homo
559 3304 964 3382 6111666661666.Ρ66616666,
975 3300 1042 3363 crim
1055 3320 1133 3362 con·

116 3387 197 3445 161116
218 3403 255 3445 ex
271 3387 333 3446 solo
347 3391 458 3448 motivo
476 3385 625 3448 charitatis
644 3388 775 3457 oriatur,
788 3405 849 3448 non
869 3396 966 3466 potest
987 3387 1132 3448 contritio

114 3466 255 3554 66161666,
268 3469 324 3528 6161
338 3470 482 3545 praecedat
492 3515 500 3537 ,
511 3471 659 3548 simulque
672 3470 811 3530 coexistat
820 3470 945 3530 charitas
955 3488 1041 3547 ;nam
1054 3488 1132 3530 con-

115 3545 282 3605 1666661111
300 3550 381 3611 alind
392 3559 434 3614 est
449 3553 538 3632 quim
555 3555 640 3620 dolor
652 3554 689 3613 de
701 3562 837 3632 6666616,
850 3553 995 3635 quatcnds
1012 3553 1128 3616 6116666
