2450 3975
324 194 396 287 Cap.
413 203 442 265 l.
458 206 503 265 Dc
516 202 698 267 contritione.
711 202 789 267 oue.
801 206 831 266 9.
1027 206 1079 267 53!

84 309 145 368 lum
161 302 250 378 oriri,
266 304 290 365 sl
304 313 369 384 post
380 304 591 366 consessionem
602 305 728 385 ampliim
738 324 798 366 non
810 307 926 369 recedet
945 307 982 367 ad
1001 303 1081 368 iliam

84 392 202 450 domum
218 432 227 461 ,
243 388 267 449 ei
286 388 442 449 mulierem
456 388 599 466 expellat,
619 398 671 450 aut
684 389 765 450 eliud
783 392 880 452 simile
898 391 1019 470 effugiat
1031 408 1082 469 pc·

82 476 223 550 ticulum3
241 490 309 534 uam
323 473 367 533 illi
377 473 500 533 suadere
514 472 622 546 debet,
637 473 716 551 qudd
728 474 830 535 revera
842 474 940 553 potiris
949 474 1084 535 scandalo

84 561 160 633 erit,
179 560 203 620 ai
223 566 288 638 post
298 558 510 620 consessionem
525 560 707 621 occasionem
716 577 777 619 non
796 560 926 621 auferet:
940 571 990 621 eut
1001 560 1082 621 enim

83 645 131 705 olii
146 660 230 705 suum
246 652 397 723 peccatum
419 650 470 703 aut
492 642 659 721 periculum
681 646 841 722 ignorant,
863 652 894 705 ct
914 655 987 705 tunc
1008 643 1082 704 nihil

81 728 148 789 meli
163 728 407 807 suspicabuntur,
421 726 491 805 pute
508 728 611 805 siquis
631 729 771 788 famulum
786 727 929 800 dimittit,
946 730 995 789 rel
1006 730 1030 789 si
1046 729 1083 790 ub

79 830 189 874 accessu
211 814 244 873 in
258 813 386 892 aliquam
408 812 530 873 domum
547 828 579 871 se
594 812 721 873 abstinet
733 833 742 889 3
755 815 803 873 rel
815 812 878 891 jam
897 814 948 874 alii
969 812 1001 873 id
1019 816 1083 874 ani·

79 900 316 971 madverterunt‚
334 904 366 957 et
399 904 471 958 tunc
495 896 604 957 famem
638 896 737 970 potiris
765 899 969 977 recuperabit,
994 897 1082 977 quim

78 984 201 1043 amittet.

114 1070 156 1127 Ex
176 1066 222 1127 his
236 1066 375 1129 omnibus
393 1064 554 1139 concludo,
568 1063 649 1143 quod
671 1066 821 1130 ordinarie
838 1068 987 1149 loquendo
1006 1086 1083 1129 uun·

77 1170 164 1231 quam
183 1150 294 1213 absolvi
307 1151 392 1213 debet
402 1151 564 1229 poenitens,
578 1150 631 1227 qui
657 1162 793 1213 versatur
811 1153 843 1213 in
854 1156 1004 1214 occasione
1013 1170 1082 1231 pro·

77 1238 154 1297 xime
169 1237 353 1308 voluntaria,
368 1236 481 1295 etiarnsi
493 1234 726 1295 extraordinaria
741 1237 822 1314 signa
840 1237 951 1298 doloris
963 1238 1084 1313 alteret,

77 1329 232 1399 antequam
256 1325 438 1381 occasionem
464 1327 633 1395 removeat3
658 1321 769 1380 occasio
792 1320 873 1380 enim
902 1322 1082 1391 extrinseca,

78 1407 238 1485 presertim
264 1405 315 1465 ubi
332 1404 486 1484 egiturde
509 1404 582 1464 vitio
610 1406 711 1484 turpi,
731 1406 850 1485 quando
871 1421 998 1485 presens
1020 1415 1083 1480 eet,

76 1492 116 1551 ite
136 1498 265 1551 mentem
278 1497 417 1561 excecat,
431 1497 465 1549 ut
483 1489 582 1549 omnia
607 1488 788 1568 propositae
807 1491 950 1551 memoria
963 1491 1078 1561 deleat,

77 1584 106 1635 et
128 1574 164 1635 ad
184 1582 302 1655 peecata
322 1574 362 1633 ita
378 1574 521 1653 impellit,
544 1580 578 1633 ui
592 1574 720 1651 aliquis,
740 1576 855 1635 etiamsi
870 1583 981 1635 certam
997 1594 1082 1635 suern

77 1660 294 1720 damnationem
311 1658 348 1718 ab
365 1658 417 1717 illo
433 1659 557 1718 erimine
577 1668 743 1719 secuturam
761 1666 967 1737 cognosceret,
987 1658 1084 1721 adbuc

76 1741 219 1823 bpcccato
234 1760 294 1804 non
308 1742 469 1803 desisteret.
486 1741 558 1803 Vide
569 1759 639 1803 moe
649 1741 733 1824 infre
746 1762 777 1805 rr.
791 1745 860 1805 aot.

113 1830 231 1889 did.-
241 1828 345 1889 Dabit.
360 1827 572 1888 enucleetur
587 1828 702 1905 possit,
722 1830 774 1906 qui
793 1846 825 1887 sc
843 1828 964 1907 exponit
976 1829 1083 1907 probe·

77 1911 127 1973 bili
143 1912 275 1992 periculo
293 1911 455 1992 peccandi?
477 1910 635 1971 dllirmant
655 1911 785 1982 Mende,
814 1911 887 1973 Gob.
915 1920 944 1973 et
962 1913 1081 1974 Caram.

78 1997 156 2078 opud
169 1997 246 2060 Vico
255 1995 288 2056 in
300 2015 388 2078 prop.
399 1998 448 2056 dl.
459 1994 563 2057 damn.
578 1994 716 2057 abdier.
730 1997 801 2058 Vri.
811 1999 963 2070 etHozee,
976 1999 1082 2062 bamb.

77 2089 127 2143 etc.
142 2101 192 2163 op.
210 2081 302 2142 croix
320 2079 342 2142 l.
355 2084 385 2142 d.
408 2097 442 2141 rt.
459 2081 529 2141 257.
550 2089 581 2141 et
595 2083 741 2142 consentit
760 2084 847 2164 Spar.
862 2102 894 2143 rr.
907 2085 976 2146 tet,
993 2084 1082 2146 modb

78 2166 149 2226 adsit
159 2165 344 2236 rationabilis
354 2183 437 2226 causa
448 2166 532 2242 3qoia
541 2165 586 2243 (ut
594 2165 702 2245 ajunt),
716 2164 784 2227 edm
796 2167 949 2244 probabile
958 2167 1082 2246 sitqudd

77 2247 125 2313 ille
140 2253 287 2332 peccabit,
306 2261 336 2312 et
351 2251 503 2330 probabile
517 2249 598 2328 quod
615 2269 674 2310 non
689 2251 837 2330 peccabit,
849 2260 946 2330 potest
958 2252 1012 2311 sibi
1022 2254 1085 2313 lor·

78 2345 156 2396 mare
177 2336 385 2397 conscientiam
402 2344 536 2406 certem,
558 2342 589 2394 et
610 2335 736 2413 proinde
754 2334 900 2410 judicium
922 2335 1083 2412 practicam

77 2437 135 2481 non
150 2422 213 2482 iore
227 2428 426 2501 peecatorum.
438 2419 495 2479 Sed
520 2418 596 2479 hane
618 2419 792 2495 opinionem
810 2417 873 2496 jam
890 2420 1082 2479 retulerimus

78 2497 98 2562 l.
109 2508 136 2568 ἱ).
150 2525 182 2566 rr.
194 2507 244 2566 65.
258 2521 324 2565 cum
345 2503 484 2565 Bcsernb.
501 2503 611 2576 Crot'e,
627 2501 753 2565 ilerden.
766 2501 849 2566 ette.
861 2511 914 2564 etc.
931 2501 986 2564 llic
1006 2503 1083 2566 eddo

78 2592 278 2651 auctoritatem
288 2589 329 2648 D.
349 2587 404 2650 Tit.
416 2589 446 2649 2.
458 2591 487 2648 l.
502 2606 532 2667 q.
548 2591 595 2649 io.
618 2607 649 2648 o.
660 2589 690 2650 9.
701 2590 753 2650 ubi
769 2588 802 2648 id
823 2587 958 2667 expresse
979 2606 1081 2666 repro·
1123 2627 1126 2633 =

77 2670 145 2745 bat,
161 2674 261 2734 dicens
279 2670 425 2750 :Infinni
443 2671 477 2732 in
493 2671 571 2752 fide,
592 2672 628 2734 de
639 2690 768 2753 quorum
781 2671 966 2734 subversione
974 2673 1083 2754 probo-

78 2752 171 2816 tittrcr
185 2756 283 2818 timeri
295 2756 409 2838 poerit,
423 2755 599 2836 probibendi
622 2766 696 2820 sont
718 2756 756 2819 ob
771 2754 937 2836 infidelium
953 2777 1083 2820 comitiu-

78 2840 171 2902 rtionc.
184 2843 269 2902 Ratio
284 2849 348 2913 est,
363 2841 453 2920 quio,
470 2837 538 2903 cirin
557 2841 634 2903 adsit
652 2843 843 2922 probabilitas
863 2843 1003 2918 labendi,
1019 2844 1081 2923 jum

78 2921 156 2984 adest
175 2925 300 2986 formale
319 2925 485 3004 periculum
501 2925 620 3004 lapsis,
635 2928 716 3005 quod
737 2931 783 3009 (ut
797 2928 937 3008 diximus)
957 2929 1081 2992 ommni>

78 3017 119 3066 est
139 3009 328 3087 fugiendum,
345 3010 464 3087 quando
485 3012 601 3072 occasio
614 3021 660 3073 est
678 3013 843 3074 voluntaria
856 3033 866 3089 3
881 3011 965 3075 secius
987 3013 1080 3087 vcro,

78 3092 100 3151 si
111 3097 267 3156 necessaria
281 3096 325 3174 (ut
335 3095 463 3156 diximus
473 3093 532 3158 db.
545 3115 577 3156 rr.
589 3099 638 3159 65.
649 3097 687 3159 dc
700 3099 815 3160 medico
825 3097 1081 3176 etparo'cho).ln1b

79 3177 153 3238 rcetd
164 3181 294 3240 sentiunt
304 3175 374 3239 rai.
388 3186 409 3238 t.
424 3183 452 3238 l.
464 3187 501 3241 tr.
519 3183 549 3242 Ξ).
562 3180 592 3242 ri.
605 3185 634 3243 2.
645 3201 679 3264 p.
693 3186 723 3244 ⁴2.
736 3183 764 3264 ς.
775 3185 806 3244 5.
820 3201 853 3242 rr.
868 3183 898 3240 9.
914 3200 981 3240 carm
989 3184 1079 3243 Scor.

79 3263 195 3339 etSoto,
210 3267 312 3336 Bono.
325 3281 375 3344 op.
391 3263 474 3328 Ceret.
500 3269 610 3327 chrn.
629 3266 664 3328 dc
677 3285 766 3349 prece.
774 3265 875 3327 1)ωαί.
893 3285 957 3345 cop.
969 3268 999 3325 l.
1020 3275 1096 3326 curi.r

78 3344 107 3406 ὅ.
124 3355 190 3408 tect.
205 3351 234 3409 l.
245 3357 346 3426 portet.
361 3351 391 3409 l.
409 3356 479 3430 poet
493 3348 582 3411 rond·
595 3353 626 3413 2.
646 3371 676 3412 υ.
688 3352 801 3432 Major.
815 3352 887 3412 item
903 3347 997 3410 Soloe.
1012 3347 1078 3413 Vct.

80 3436 106 3488 ct
121 3432 198 3492 Arci·
214 3433 298 3493 citati
314 3430 335 3493 l.
349 3435 378 3494 5.
392 3452 423 3493 re.
437 3436 486 3496 ωδ.
499 3453 528 3494 o.
540 3435 679 3507 Pariter,
690 3436 770 3513 quod
786 3435 818 3494 io
840 3435 1009 3494 necessitate
1027 3453 1080 3496 cx·

80 3519 170 3573 treme
196 3517 340 3595 spirituali
357 3519 484 3598 proximi
504 3537 565 3579 non
585 3517 682 3578 sobim
697 3527 795 3596 potes,
823 3517 876 3578 scd
900 3516 1009 3579 teneris
1035 3522 1079 3582 illi

82 3611 246 3664 succurrere
259 3619 328 3664 cum
351 3603 401 3664 tali
416 3603 548 3684 periculo
564 3601 728 3683 probabili,
744 3601 814 3682 quia
830 3611 903 3665 tunc
925 3605 1082 3665 necessitas
