<?xml version="1.0" encoding="UTF-8"?>
<!DOCTYPE html PUBLIC "-//W3C//DTD XHTML 1.0 Transitional//EN"
    "http://www.w3.org/TR/xhtml1/DTD/xhtml1-transitional.dtd">
<html xmlns="http://www.w3.org/1999/xhtml" xml:lang="en" lang="en">
 <head>
  <title>
</title>
<meta http-equiv="Content-Type" content="text/html;charset=utf-8" />
  <meta name='ocr-system' content='tesseract 3.04.00' />
  <meta name='ocr-capabilities' content='ocr_page ocr_carea ocr_par ocr_line ocrx_word'/>
</head>
<body>
  <div class='ocr_page' id='page_1' title='image "./theologiamorali00heilgoog_0305.png"; bbox 0 0 2450 3975; ppageno 0'>
   <div class='ocr_carea' id='block_1_1' title="bbox 346 157 1099 242">
    <p class='ocr_par' dir='ltr' id='par_1_1' title="bbox 346 157 1099 242">
     <span class='ocr_line' id='line_1_1' title="bbox 346 157 1099 242; baseline 0.007 -23"><span class='ocrx_word' id='word_1_1' title='bbox 346 158 460 242; x_wconf 74' lang='lat' dir='ltr'><em>capt.</em></span> <span class='ocrx_word' id='word_1_2' title='bbox 475 157 849 223; x_wconf 53' lang='lat' dir='ltr'><em>Deaontritionwubb.</em></span> <span class='ocrx_word' id='word_1_3' title='bbox 1046 161 1099 224; x_wconf 76' lang='lat' dir='ltr'><em>tot</em></span> 
     </span>
    </p>
   </div>
   <div class='ocr_carea' id='block_1_2' title="bbox 98 246 1204 331">
    <p class='ocr_par' dir='ltr' id='par_1_2' title="bbox 98 246 1204 331">
     <span class='ocr_line' id='line_1_2' title="bbox 98 246 1204 331; baseline -0.002 -13"><span class='ocrx_word' id='word_1_4' title='bbox 98 264 149 318; x_wconf 77' lang='lat' dir='ltr'><em>tut</em></span> <span class='ocrx_word' id='word_1_5' title='bbox 165 262 236 318; x_wconf 80' lang='lat' dir='ltr'><em>Dub.</em></span> <span class='ocrx_word' id='word_1_6' title='bbox 245 265 271 317; x_wconf 86' lang='grc'><em>4.</em></span> <span class='ocrx_word' id='word_1_7' title='bbox 282 262 326 315; x_wconf 77' lang='lat' dir='ltr'><em>An</em></span> <span class='ocrx_word' id='word_1_8' title='bbox 333 262 443 330; x_wconf 79' lang='lat' dir='ltr'><em>possint</em></span> <span class='ocrx_word' id='word_1_9' title='bbox 455 259 562 314; x_wconf 80' lang='lat' dir='ltr'><em>absolui</em></span> <span class='ocrx_word' id='word_1_10' title='bbox 572 261 621 330; x_wconf 80' lang='lat' dir='ltr'><em>qui</em></span> <span class='ocrx_word' id='word_1_11' title='bbox 631 260 737 315; x_wconf 82' lang='lat' dir='ltr'><em>suntin</em></span> <span class='ocrx_word' id='word_1_12' title='bbox 748 262 891 316; x_wconf 76' lang='lat' dir='ltr'><em>obtusione</em></span> <span class='ocrx_word' id='word_1_13' title='bbox 910 262 1042 331; x_wconf 82' lang='lat' dir='ltr'><em>praaima</em></span> <span class='ocrx_word' id='word_1_14' title='bbox 1053 277 1102 316; x_wconf 87' lang='lat' dir='ltr'><em>ne·</em></span> <span class='ocrx_word' id='word_1_15' title='bbox 1199 246 1204 255; x_wconf 46' lang='lat'><em>¹</em></span> 
     </span>
    </p>
   </div>
   <div class='ocr_carea' id='block_1_3' title="bbox 91 333 1105 1578">
    <p class='ocr_par' dir='ltr' id='par_1_3' title="bbox 96 333 1033 477">
     <span class='ocr_line' id='line_1_3' title="bbox 195 333 1033 402; baseline 0 -13"><span class='ocrx_word' id='word_1_16' title='bbox 195 334 603 390; x_wconf 73' lang='lat' dir='ltr'><em>aurariatrraeertimeauea</em></span> <span class='ocrx_word' id='word_1_17' title='bbox 612 333 923 402; x_wconf 74' lang='lat' dir='ltr'><em>annurtie,aeloffioii.</em></span> <span class='ocrx_word' id='word_1_18' title='bbox 1027 348 1033 358; x_wconf 81' lang='grc'><strong><em>’</em></strong></span> 
     </span>
     <span class='ocr_line' id='line_1_4' title="bbox 96 406 999 477; baseline 0 -15"><span class='ocrx_word' id='word_1_19' title='bbox 96 412 149 463; x_wconf 73' lang='lat' dir='ltr'><em>tun</em></span> <span class='ocrx_word' id='word_1_20' title='bbox 163 407 306 462; x_wconf 82' lang='lat' dir='ltr'><em>sententia</em></span> <span class='ocrx_word' id='word_1_21' title='bbox 317 407 436 461; x_wconf 71' lang='lat' dir='ltr'><em>menda</em></span> <span class='ocrx_word' id='word_1_22' title='bbox 448 408 524 461; x_wconf 85' lang='lat' dir='ltr'><em>eirea</em></span> <span class='ocrx_word' id='word_1_23' title='bbox 534 406 738 462; x_wconf 83' lang='lat' dir='ltr'><em>absolutionem</em></span> <span class='ocrx_word' id='word_1_24' title='bbox 754 409 796 462; x_wconf 80' lang='lat' dir='ltr'><em>bis</em></span> <span class='ocrx_word' id='word_1_25' title='bbox 811 409 999 477; x_wconf 68' lang='lat' dir='ltr'><em>differendam.</em></span> 
     </span>
    </p>

    <p class='ocr_par' dir='ltr' id='par_1_4' title="bbox 97 480 1103 624">
     <span class='ocr_line' id='line_1_5' title="bbox 97 480 1103 550; baseline -0.001 -14"><span class='ocrx_word' id='word_1_26' title='bbox 97 486 148 536; x_wconf 76' lang='lat' dir='ltr'><em>tar</em></span> <span class='ocrx_word' id='word_1_27' title='bbox 164 483 234 537; x_wconf 83' lang='lat' dir='ltr'><em>Dub.</em></span> <span class='ocrx_word' id='word_1_28' title='bbox 245 486 271 537; x_wconf 77' lang='lat'><em>5.</em></span> <span class='ocrx_word' id='word_1_29' title='bbox 280 486 325 534; x_wconf 81' lang='grc'><em>44</em></span> <span class='ocrx_word' id='word_1_30' title='bbox 332 480 422 550; x_wconf 79' lang='lat' dir='ltr'><em>parsit</em></span> <span class='ocrx_word' id='word_1_31' title='bbox 433 480 558 542; x_wconf 79' lang='lat' dir='ltr'><em>absolui,</em></span> <span class='ocrx_word' id='word_1_32' title='bbox 569 481 661 550; x_wconf 77' lang='lat' dir='ltr'><em>quiin</em></span> <span class='ocrx_word' id='word_1_33' title='bbox 673 482 816 535; x_wconf 72' lang='lat' dir='ltr'><strong><em>occasione</em></strong></span> <span class='ocrx_word' id='word_1_34' title='bbox 827 483 982 536; x_wconf 79' lang='lat' dir='ltr'><em>necessaria</em></span> <span class='ocrx_word' id='word_1_35' title='bbox 992 522 999 546; x_wconf 91' lang='lat'><em>,</em></span> <span class='ocrx_word' id='word_1_36' title='bbox 1011 481 1103 536; x_wconf 82' lang='lat' dir='ltr'><em>abbae</em></span> 
     </span>
     <span class='ocr_line' id='line_1_6' title="bbox 198 553 939 624; baseline 0.003 -17"><span class='ocrx_word' id='word_1_37' title='bbox 198 554 325 609; x_wconf 79' lang='lat' dir='ltr'><em>remediis</em></span> <span class='ocrx_word' id='word_1_38' title='bbox 336 553 484 615; x_wconf 70' lang='lat' dir='ltr'><em>adhibitis,</em></span> <span class='ocrx_word' id='word_1_39' title='bbox 497 555 589 607; x_wconf 79' lang='lat' dir='ltr'><em>eodem</em></span> <span class='ocrx_word' id='word_1_40' title='bbox 604 554 685 608; x_wconf 78' lang='lat' dir='ltr'><em>morlo</em></span> <span class='ocrx_word' id='word_1_41' title='bbox 693 555 778 622; x_wconf 77' lang='lat' dir='ltr'><em>suerit</em></span> <span class='ocrx_word' id='word_1_42' title='bbox 789 555 939 624; x_wconf 83' lang='lat' dir='ltr'><em>relapsus?</em></span> 
     </span>
    </p>

    <p class='ocr_par' dir='ltr' id='par_1_5' title="bbox 95 626 782 683">
     <span class='ocr_line' id='line_1_7' title="bbox 95 626 782 683; baseline 0 -1"><span class='ocrx_word' id='word_1_43' title='bbox 95 631 148 682; x_wconf 70' lang='lat' dir='ltr'><em>tea</em></span> <span class='ocrx_word' id='word_1_44' title='bbox 162 628 322 683; x_wconf 72' lang='lat' dir='ltr'><em>⁴ttinotatur</em></span> <span class='ocrx_word' id='word_1_45' title='bbox 335 626 502 680; x_wconf 78' lang='lat' dir='ltr'><em>doctrinas.</em></span> <span class='ocrx_word' id='word_1_46' title='bbox 514 626 782 682; x_wconf 77' lang='lat' dir='ltr'><em>caraliBornomai.</em></span> 
     </span>
    </p>

    <p class='ocr_par' dir='ltr' id='par_1_6' title="bbox 96 699 1105 975">
     <span class='ocr_line' id='line_1_8' title="bbox 96 699 1102 771; baseline -0.002 -14"><span class='ocrx_word' id='word_1_47' title='bbox 96 706 148 757; x_wconf 75' lang='grc'><em>459</em></span> <span class='ocrx_word' id='word_1_48' title='bbox 166 706 217 771; x_wconf 87' lang='lat' dir='ltr'><em>Qu.</em></span> <span class='ocrx_word' id='word_1_49' title='bbox 230 702 277 754; x_wconf 81' lang='lat' dir='ltr'><em>W.</em></span> <span class='ocrx_word' id='word_1_50' title='bbox 287 700 429 768; x_wconf 77' lang='lat' dir='ltr'><em>Quomodo</em></span> <span class='ocrx_word' id='word_1_51' title='bbox 441 715 470 754; x_wconf 82' lang='lat' dir='ltr'><em>aa</em></span> <span class='ocrx_word' id='word_1_52' title='bbox 486 715 580 768; x_wconf 73' lang='lat' dir='ltr'><em>paruo</em></span> <span class='ocrx_word' id='word_1_53' title='bbox 596 699 691 756; x_wconf 80' lang='lat' dir='ltr'><em>debeat</em></span> <span class='ocrx_word' id='word_1_54' title='bbox 711 703 899 770; x_wconf 74' lang='lat' dir='ltr'><em>confessarius</em></span> <span class='ocrx_word' id='word_1_55' title='bbox 911 716 974 756; x_wconf 85' lang='lat' dir='ltr'><em>eum</em></span> <span class='ocrx_word' id='word_1_56' title='bbox 986 717 1102 757; x_wconf 78' lang='lat' dir='ltr'><em>eonsue-</em></span> 
     </span>
     <span class='ocr_line' id='line_1_9' title="bbox 196 775 1104 846; baseline 0.002 -17"><span class='ocrx_word' id='word_1_57' title='bbox 196 775 349 829; x_wconf 77' lang='lat' dir='ltr'><em>tudinoriie</em></span> <span class='ocrx_word' id='word_1_58' title='bbox 374 789 410 829; x_wconf 86' lang='lat' dir='ltr'><em>ea</em></span> <span class='ocrx_word' id='word_1_59' title='bbox 439 775 593 829; x_wconf 81' lang='lat' dir='ltr'><em>intrinseca</em></span> <span class='ocrx_word' id='word_1_60' title='bbox 617 775 794 846; x_wconf 61' lang='lat' dir='ltr'><em>[rupilitotu</em></span> <span class='ocrx_word' id='word_1_61' title='bbox 821 782 847 829; x_wconf 89' lang='lat' dir='ltr'><em>et</em></span> <span class='ocrx_word' id='word_1_62' title='bbox 874 777 1011 844; x_wconf 79' lang='lat' dir='ltr'><em>quonnodo</em></span> <span class='ocrx_word' id='word_1_63' title='bbox 1042 792 1104 834; x_wconf 79' lang='lat' dir='ltr'><em>cuns</em></span> 
     </span>
     <span class='ocr_line' id='line_1_10' title="bbox 193 846 1105 919; baseline 0.003 -19"><span class='ocrx_word' id='word_1_64' title='bbox 193 846 331 901; x_wconf 74' lang='grc'>4444444444.</span> <span class='ocrx_word' id='word_1_65' title='bbox 347 849 392 900; x_wconf 75' lang='lat' dir='ltr'><em>An</em></span> <span class='ocrx_word' id='word_1_66' title='bbox 417 849 555 904; x_wconf 75' lang='grc'>4444444444</span> <span class='ocrx_word' id='word_1_67' title='bbox 573 849 663 918; x_wconf 80' lang='lat' dir='ltr'><em>poerit</em></span> <span class='ocrx_word' id='word_1_68' title='bbox 685 849 793 919; x_wconf 80' lang='lat' dir='ltr'><em>pluries</em></span> <span class='ocrx_word' id='word_1_69' title='bbox 814 848 920 905; x_wconf 79' lang='lat' dir='ltr'><em>absolui</em></span> <span class='ocrx_word' id='word_1_70' title='bbox 940 851 999 904; x_wconf 84' lang='lat' dir='ltr'><em>eine</em></span> <span class='ocrx_word' id='word_1_71' title='bbox 1017 851 1105 919; x_wconf 75' lang='lat' dir='ltr'><em>ripale</em></span> 
     </span>
     <span class='ocr_line' id='line_1_11' title="bbox 194 920 454 975; baseline 0 -1"><span class='ocrx_word' id='word_1_72' title='bbox 194 920 454 975; x_wconf 77' lang='lat' dir='ltr'><em>extraordinaiiir?</em></span> 
     </span>
    </p>

    <p class='ocr_par' dir='ltr' id='par_1_7' title="bbox 96 994 653 1062">
     <span class='ocr_line' id='line_1_12' title="bbox 96 994 653 1062; baseline -0.002 -12"><span class='ocrx_word' id='word_1_73' title='bbox 96 996 148 1050; x_wconf 79' lang='lat' dir='ltr'><em>tbi)</em></span> <span class='ocrx_word' id='word_1_74' title='bbox 164 994 296 1060; x_wconf 75' lang='lat' dir='ltr'><em>Quonim</em></span> <span class='ocrx_word' id='word_1_75' title='bbox 304 995 387 1062; x_wconf 79' lang='lat' dir='ltr'><em>eipna</em></span> <span class='ocrx_word' id='word_1_76' title='bbox 396 995 653 1050; x_wconf 76' lang='lat' dir='ltr'><em>entraordinaria?</em></span> 
     </span>
    </p>

    <p class='ocr_par' dir='ltr' id='par_1_8' title="bbox 95 1066 1104 1195">
     <span class='ocr_line' id='line_1_13' title="bbox 95 1066 1104 1194; baseline 0.001 -73"><span class='ocrx_word' id='word_1_77' title='bbox 95 1073 144 1121; x_wconf 75' lang='lat' dir='ltr'><em>itt</em></span> <span class='ocrx_word' id='word_1_78' title='bbox 164 1067 373 1194; x_wconf 48' lang='lat' dir='ltr'><em>Quanpiutitpda</em></span> <span class='ocrx_word' id='word_1_79' title='bbox 385 1068 574 1138; x_wconf 71' lang='lat' dir='ltr'><em>dispositionis</em></span> <span class='ocrx_word' id='word_1_80' title='bbox 582 1068 742 1137; x_wconf 75' lang='lat' dir='ltr'><em>punitentia</em></span> <span class='ocrx_word' id='word_1_81' title='bbox 752 1066 871 1138; x_wconf 73' lang='grc'>4444144444</span> <span class='ocrx_word' id='word_1_82' title='bbox 882 1067 921 1123; x_wconf 80' lang='lat' dir='ltr'><em>ael</em></span> <span class='ocrx_word' id='word_1_83' title='bbox 939 1067 1104 1124; x_wconf 75' lang='grc'>444444444-</span> 
     </span>
     <span class='ocr_line' id='line_1_14' title="bbox 194 1155 326 1195; baseline -0.008 0"><span class='ocrx_word' id='word_1_84' title='bbox 194 1155 225 1195; x_wconf 88' lang='lat' dir='ltr'><em>oe</em></span> <span class='ocrx_word' id='word_1_85' title='bbox 265 1155 326 1194; x_wconf 78' lang='lat' dir='ltr'><em>une.</em></span> 
     </span>
    </p>

    <p class='ocr_par' dir='ltr' id='par_1_9' title="bbox 91 1213 1103 1344">
     <span class='ocr_line' id='line_1_15' title="bbox 91 1213 1103 1284; baseline 0.002 -16"><span class='ocrx_word' id='word_1_86' title='bbox 91 1217 151 1268; x_wconf 50' lang='lat' dir='ltr'><em>‘tae</em></span> <span class='ocrx_word' id='word_1_87' title='bbox 163 1214 298 1268; x_wconf 77' lang='lat' dir='ltr'><em>Antieaat</em></span> <span class='ocrx_word' id='word_1_88' title='bbox 308 1213 417 1282; x_wconf 72' lang='lat' dir='ltr'><em>differre</em></span> <span class='ocrx_word' id='word_1_89' title='bbox 427 1213 634 1269; x_wconf 73' lang='lat' dir='ltr'><em>absolutionem</em></span> <span class='ocrx_word' id='word_1_90' title='bbox 649 1213 802 1283; x_wconf 74' lang='lat' dir='ltr'><em>paenitenti·</em></span> <span class='ocrx_word' id='word_1_91' title='bbox 817 1215 949 1284; x_wconf 80' lang='lat' dir='ltr'><em>disposito</em></span> <span class='ocrx_word' id='word_1_92' title='bbox 966 1214 1024 1268; x_wconf 86' lang='lat' dir='ltr'><em>sine</em></span> <span class='ocrx_word' id='word_1_93' title='bbox 1043 1217 1103 1284; x_wconf 82' lang='lat' dir='ltr'><em>ejus</em></span> 
     </span>
     <span class='ocr_line' id='line_1_16' title="bbox 197 1291 353 1344; baseline -0.013 0"><span class='ocrx_word' id='word_1_94' title='bbox 197 1291 353 1344; x_wconf 78' lang='lat' dir='ltr'><em>consensu?</em></span> 
     </span>
    </p>

    <p class='ocr_par' dir='ltr' id='par_1_10' title="bbox 96 1361 933 1432">
     <span class='ocr_line' id='line_1_17' title="bbox 96 1361 933 1432; baseline 0 -17"><span class='ocrx_word' id='word_1_95' title='bbox 96 1365 149 1415; x_wconf 73' lang='lat' dir='ltr'><em>toa</em></span> <span class='ocrx_word' id='word_1_96' title='bbox 163 1364 207 1414; x_wconf 77' lang='lat' dir='ltr'><em>An</em></span> <span class='ocrx_word' id='word_1_97' title='bbox 214 1363 360 1430; x_wconf 72' lang='lat' dir='ltr'><em>expediat,</em></span> <span class='ocrx_word' id='word_1_98' title='bbox 377 1361 465 1416; x_wconf 82' lang='lat' dir='ltr'><em>aetna</em></span> <span class='ocrx_word' id='word_1_99' title='bbox 474 1363 574 1432; x_wconf 76' lang='lat' dir='ltr'><em>sapius</em></span> <span class='ocrx_word' id='word_1_100' title='bbox 585 1361 695 1430; x_wconf 73' lang='lat' dir='ltr'><em>differre</em></span> <span class='ocrx_word' id='word_1_101' title='bbox 706 1361 933 1417; x_wconf 77' lang='lat' dir='ltr'><em>absolutionem?</em></span> 
     </span>
    </p>

    <p class='ocr_par' dir='ltr' id='par_1_11' title="bbox 98 1434 1105 1578">
     <span class='ocr_line' id='line_1_18' title="bbox 98 1434 1105 1503; baseline 0.001 -14"><span class='ocrx_word' id='word_1_102' title='bbox 98 1438 150 1490; x_wconf 87' lang='grc'><em>464</em></span> <span class='ocrx_word' id='word_1_103' title='bbox 166 1435 328 1502; x_wconf 79' lang='lat' dir='ltr'><em>carpatiies</em></span> <span class='ocrx_word' id='word_1_104' title='bbox 339 1435 491 1503; x_wconf 69' lang='lat' dir='ltr'><em>differendo</em></span> <span class='ocrx_word' id='word_1_105' title='bbox 505 1441 545 1490; x_wconf 81' lang='lat' dir='ltr'><em>eet</em></span> <span class='ocrx_word' id='word_1_106' title='bbox 559 1436 698 1490; x_wconf 77' lang='lat' dir='ltr'><em>absolutio</em></span> <span class='ocrx_word' id='word_1_107' title='bbox 709 1435 745 1488; x_wconf 85' lang='lat' dir='ltr'><em>iis</em></span> <span class='ocrx_word' id='word_1_108' title='bbox 764 1437 813 1503; x_wconf 79' lang='lat' dir='ltr'><em>qui</em></span> <span class='ocrx_word' id='word_1_109' title='bbox 828 1442 894 1489; x_wconf 83' lang='lat' dir='ltr'><em>sunt</em></span> <span class='ocrx_word' id='word_1_110' title='bbox 910 1436 942 1488; x_wconf 87' lang='lat' dir='ltr'><em>in</em></span> <span class='ocrx_word' id='word_1_111' title='bbox 962 1434 1105 1490; x_wconf 74' lang='lat' dir='ltr'><em>occasione</em></span> 
     </span>
     <span class='ocr_line' id='line_1_19' title="bbox 196 1508 1007 1578; baseline -0.001 -15"><span class='ocrx_word' id='word_1_112' title='bbox 196 1509 364 1570; x_wconf 79' lang='lat' dir='ltr'><em>eatsineeea,</em></span> <span class='ocrx_word' id='word_1_113' title='bbox 375 1513 402 1562; x_wconf 87' lang='lat' dir='ltr'><em>et</em></span> <span class='ocrx_word' id='word_1_114' title='bbox 415 1521 475 1564; x_wconf 88' lang='lat' dir='ltr'><em>nan</em></span> <span class='ocrx_word' id='word_1_115' title='bbox 486 1509 615 1566; x_wconf 69' lang='lat' dir='ltr'><em>renotuit</em></span> <span class='ocrx_word' id='word_1_116' title='bbox 625 1523 660 1564; x_wconf 88' lang='lat' dir='ltr'><em>ea</em></span> <span class='ocrx_word' id='word_1_117' title='bbox 670 1508 826 1578; x_wconf 71' lang='lat' dir='ltr'><em>{rapititate</em></span> <span class='ocrx_word' id='word_1_118' title='bbox 835 1509 1007 1564; x_wconf 78' lang='lat' dir='ltr'><em>intrinseca?</em></span> 
     </span>
    </p>
   </div>
   <div class='ocr_carea' id='block_1_4' title="bbox 100 1628 1114 2868">
    <p class='ocr_par' dir='ltr' id='par_1_12' title="bbox 100 1628 1107 2447">
     <span class='ocr_line' id='line_1_20' title="bbox 137 1628 1102 1770; baseline -0.003 -19"><span class='ocrx_word' id='word_1_119' title='bbox 137 1691 256 1752; x_wconf 61' lang='grc'>454-</span> <span class='ocrx_word' id='word_1_120' title='bbox 270 1628 556 1770; x_wconf 59' lang='lat' dir='ltr'><em>«Sarrana-amb</em></span> <span class='ocrx_word' id='word_1_121' title='bbox 571 1692 710 1754; x_wconf 83' lang='lat' dir='ltr'><em>contritio</em></span> <span class='ocrx_word' id='word_1_122' title='bbox 722 1693 754 1752; x_wconf 91' lang='lat' dir='ltr'><em>in</em></span> <span class='ocrx_word' id='word_1_123' title='bbox 769 1691 919 1754; x_wconf 90' lang='lat' dir='ltr'><em>oommuni</em></span> <span class='ocrx_word' id='word_1_124' title='bbox 938 1691 977 1752; x_wconf 91' lang='lat' dir='ltr'><em>sit</em></span> <span class='ocrx_word' id='word_1_125' title='bbox 995 1689 1102 1769; x_wconf 87' lang='lat' dir='ltr'><em>dolor,</em></span> 
     </span>
     <span class='ocr_line' id='line_1_21' title="bbox 100 1775 1104 1855; baseline -0.002 -19"><span class='ocrx_word' id='word_1_126' title='bbox 100 1800 116 1829; x_wconf 82' lang='lat' dir='ltr'><em>o</em></span> <span class='ocrx_word' id='word_1_127' title='bbox 137 1793 172 1836; x_wconf 87' lang='lat' dir='ltr'><em>ao</em></span> <span class='ocrx_word' id='word_1_128' title='bbox 183 1776 339 1839; x_wconf 70' lang='lat' dir='ltr'><em>demntia</em></span> <span class='ocrx_word' id='word_1_129' title='bbox 349 1778 457 1854; x_wconf 89' lang='lat' dir='ltr'><em>peaoati</em></span> <span class='ocrx_word' id='word_1_130' title='bbox 471 1777 637 1848; x_wconf 77' lang='lat' dir='ltr'><em>commissi,</em></span> <span class='ocrx_word' id='word_1_131' title='bbox 651 1795 719 1836; x_wconf 88' lang='lat' dir='ltr'><em>oum</em></span> <span class='ocrx_word' id='word_1_132' title='bbox 739 1777 888 1855; x_wconf 89' lang='lat' dir='ltr'><em>proposito</em></span> <span class='ocrx_word' id='word_1_133' title='bbox 904 1775 1079 1836; x_wconf 86' lang='lat' dir='ltr'><em>emendandi</em></span> <span class='ocrx_word' id='word_1_134' title='bbox 1095 1819 1104 1849; x_wconf 91' lang='lat'><em>,</em></span> 
     </span>
     <span class='ocr_line' id='line_1_22' title="bbox 101 1859 1104 1938; baseline -0.003 -18"><span class='ocrx_word' id='word_1_135' title='bbox 101 1885 116 1914; x_wconf 78' lang='lat' dir='ltr'><em>a</em></span> <span class='ocrx_word' id='word_1_136' title='bbox 138 1866 173 1920; x_wconf 89' lang='lat' dir='ltr'><em>ut</em></span> <span class='ocrx_word' id='word_1_137' title='bbox 185 1859 276 1921; x_wconf 86' lang='lat' dir='ltr'><em>habet</em></span> <span class='ocrx_word' id='word_1_138' title='bbox 297 1859 422 1921; x_wconf 83' lang='lat' dir='ltr'><em>Trideat</em></span> <span class='ocrx_word' id='word_1_139' title='bbox 439 1877 511 1920; x_wconf 84' lang='grc'>4444.</span> <span class='ocrx_word' id='word_1_140' title='bbox 534 1861 582 1921; x_wconf 82' lang='lat' dir='ltr'><em>lt.</em></span> <span class='ocrx_word' id='word_1_141' title='bbox 604 1861 662 1921; x_wconf 90' lang='lat' dir='ltr'><em>Ubi</em></span> <span class='ocrx_word' id='word_1_142' title='bbox 676 1877 741 1920; x_wconf 83' lang='lat' dir='ltr'><em>eam</em></span> <span class='ocrx_word' id='word_1_143' title='bbox 753 1859 858 1920; x_wconf 80' lang='lat' dir='ltr'><em>diuidit</em></span> <span class='ocrx_word' id='word_1_144' title='bbox 877 1860 910 1920; x_wconf 89' lang='lat' dir='ltr'><em>in</em></span> <span class='ocrx_word' id='word_1_145' title='bbox 927 1861 1104 1938; x_wconf 81' lang='lat' dir='ltr'><em>perlectam,</em></span> 
     </span>
     <span class='ocr_line' id='line_1_23' title="bbox 102 1941 1105 2025; baseline 0.006 -26"><span class='ocrx_word' id='word_1_146' title='bbox 102 1969 116 1999; x_wconf 73' lang='grc' dir='ltr'><strong>ι</strong></span> <span class='ocrx_word' id='word_1_147' title='bbox 138 1962 205 2023; x_wconf 77' lang='lat' dir='ltr'><em>qua</em></span> <span class='ocrx_word' id='word_1_148' title='bbox 220 1941 354 2006; x_wconf 77' lang='grc'>44444444</span> <span class='ocrx_word' id='word_1_149' title='bbox 371 1943 413 2004; x_wconf 86' lang='lat' dir='ltr'><em>sie</em></span> <span class='ocrx_word' id='word_1_150' title='bbox 433 1943 559 2022; x_wconf 80' lang='lat' dir='ltr'><em>dieitur3</em></span> <span class='ocrx_word' id='word_1_151' title='bbox 574 1952 604 2005; x_wconf 89' lang='lat' dir='ltr'><em>et</em></span> <span class='ocrx_word' id='word_1_152' title='bbox 621 1944 653 2005; x_wconf 90' lang='lat' dir='ltr'><em>in</em></span> <span class='ocrx_word' id='word_1_153' title='bbox 674 1944 887 2025; x_wconf 71' lang='lat' dir='ltr'><em>imperfectam,</em></span> <span class='ocrx_word' id='word_1_154' title='bbox 904 1963 970 2023; x_wconf 84' lang='lat' dir='ltr'><em>quae</em></span> <span class='ocrx_word' id='word_1_155' title='bbox 993 1943 1105 2005; x_wconf 81' lang='lat' dir='ltr'><em>attritio</em></span> 
     </span>
     <span class='ocr_line' id='line_1_24' title="bbox 101 2027 1104 2109; baseline -0.001 -19"><span class='ocrx_word' id='word_1_156' title='bbox 101 2052 116 2106; x_wconf 68' lang='lat' dir='ltr'><em>p</em></span> <span class='ocrx_word' id='word_1_157' title='bbox 139 2027 259 2090; x_wconf 87' lang='lat' dir='ltr'><em>dieitur.</em></span> <span class='ocrx_word' id='word_1_158' title='bbox 272 2028 402 2089; x_wconf 79' lang='lat' dir='ltr'><em>Perfecta</em></span> <span class='ocrx_word' id='word_1_159' title='bbox 415 2037 475 2101; x_wconf 88' lang='lat' dir='ltr'><em>ast,</em></span> <span class='ocrx_word' id='word_1_160' title='bbox 490 2047 556 2107; x_wconf 83' lang='lat' dir='ltr'><em>quae</em></span> <span class='ocrx_word' id='word_1_161' title='bbox 567 2029 682 2090; x_wconf 78' lang='lat' dir='ltr'><em>elicitur</em></span> <span class='ocrx_word' id='word_1_162' title='bbox 694 2048 730 2089; x_wconf 86' lang='lat' dir='ltr'><em>ex</em></span> <span class='ocrx_word' id='word_1_163' title='bbox 745 2030 856 2090; x_wconf 89' lang='lat' dir='ltr'><em>motivo</em></span> <span class='ocrx_word' id='word_1_164' title='bbox 867 2028 1015 2090; x_wconf 84' lang='lat' dir='ltr'><em>eharitatis</em></span> <span class='ocrx_word' id='word_1_165' title='bbox 1033 2048 1104 2109; x_wconf 87' lang='lat' dir='ltr'><em>pro·</em></span> 
     </span>
     <span class='ocr_line' id='line_1_25' title="bbox 100 2112 1106 2193; baseline 0.005 -24"><span class='ocrx_word' id='word_1_166' title='bbox 100 2138 116 2169; x_wconf 81' lang='lat' dir='ltr'><em>o</em></span> <span class='ocrx_word' id='word_1_167' title='bbox 138 2120 206 2193; x_wconf 89' lang='lat' dir='ltr'><em>pter</em></span> <span class='ocrx_word' id='word_1_168' title='bbox 217 2114 314 2174; x_wconf 87' lang='lat' dir='ltr'><em>Deum</em></span> <span class='ocrx_word' id='word_1_169' title='bbox 329 2112 445 2175; x_wconf 76' lang='lat' dir='ltr'><em>summi</em></span> <span class='ocrx_word' id='word_1_170' title='bbox 460 2113 621 2175; x_wconf 84' lang='lat' dir='ltr'><em>dilectum:</em></span> <span class='ocrx_word' id='word_1_171' title='bbox 635 2122 665 2175; x_wconf 85' lang='lat' dir='ltr'><em>et</em></span> <span class='ocrx_word' id='word_1_172' title='bbox 680 2112 742 2175; x_wconf 89' lang='lat' dir='ltr'><em>haee</em></span> <span class='ocrx_word' id='word_1_173' title='bbox 757 2132 794 2174; x_wconf 86' lang='lat' dir='ltr'><em>ex</em></span> <span class='ocrx_word' id='word_1_174' title='bbox 812 2132 843 2174; x_wconf 89' lang='lat' dir='ltr'><em>se</em></span> <span class='ocrx_word' id='word_1_175' title='bbox 857 2116 918 2175; x_wconf 82' lang='lat' dir='ltr'><em>sola</em></span> <span class='ocrx_word' id='word_1_176' title='bbox 937 2133 1006 2175; x_wconf 87' lang='lat' dir='ltr'><em>mox</em></span> <span class='ocrx_word' id='word_1_177' title='bbox 1019 2114 1106 2191; x_wconf 88' lang='lat' dir='ltr'><em>justi·</em></span> 
     </span>
     <span class='ocr_line' id='line_1_26' title="bbox 101 2198 1106 2275; baseline 0.006 -22"><span class='ocrx_word' id='word_1_178' title='bbox 101 2223 115 2253; x_wconf 81' lang='grc'><strong>»</strong></span> <span class='ocrx_word' id='word_1_179' title='bbox 138 2198 229 2271; x_wconf 81' lang='lat' dir='ltr'><em>fleat,</em></span> <span class='ocrx_word' id='word_1_180' title='bbox 252 2198 307 2259; x_wconf 90' lang='lat' dir='ltr'><em>etsi</em></span> <span class='ocrx_word' id='word_1_181' title='bbox 325 2215 394 2257; x_wconf 89' lang='lat' dir='ltr'><em>aum</em></span> <span class='ocrx_word' id='word_1_182' title='bbox 413 2204 499 2271; x_wconf 90' lang='lat' dir='ltr'><em>voto,</em></span> <span class='ocrx_word' id='word_1_183' title='bbox 525 2207 556 2260; x_wconf 86' lang='lat' dir='ltr'><em>et</em></span> <span class='ocrx_word' id='word_1_184' title='bbox 581 2199 686 2260; x_wconf 83' lang='lat' dir='ltr'><em>ordine</em></span> <span class='ocrx_word' id='word_1_185' title='bbox 702 2198 740 2264; x_wconf 86' lang='lat' dir='ltr'><em>ad</em></span> <span class='ocrx_word' id='word_1_186' title='bbox 766 2198 995 2269; x_wconf 83' lang='lat' dir='ltr'><em>consessionem,</em></span> <span class='ocrx_word' id='word_1_187' title='bbox 1017 2216 1106 2275; x_wconf 84' lang='lat' dir='ltr'><em>qoam</em></span> 
     </span>
     <span class='ocr_line' id='line_1_27' title="bbox 100 2281 1107 2362; baseline -0.001 -20"><span class='ocrx_word' id='word_1_188' title='bbox 100 2308 115 2336; x_wconf 74' lang='lat' dir='ltr'><em>a</em></span> <span class='ocrx_word' id='word_1_189' title='bbox 139 2281 353 2344; x_wconf 88' lang='lat' dir='ltr'><em>deiude-iaeere</em></span> <span class='ocrx_word' id='word_1_190' title='bbox 363 2282 483 2343; x_wconf 79' lang='lat' dir='ltr'><em>teobris.</em></span> <span class='ocrx_word' id='word_1_191' title='bbox 496 2284 668 2362; x_wconf 81' lang='lat' dir='ltr'><em>imperfecta</em></span> <span class='ocrx_word' id='word_1_192' title='bbox 683 2290 742 2355; x_wconf 87' lang='lat' dir='ltr'><em>est,</em></span> <span class='ocrx_word' id='word_1_193' title='bbox 762 2301 827 2361; x_wconf 87' lang='lat' dir='ltr'><em>quoe</em></span> <span class='ocrx_word' id='word_1_194' title='bbox 841 2282 1025 2342; x_wconf 81' lang='lat' dir='ltr'><em>exinterioro</em></span> <span class='ocrx_word' id='word_1_195' title='bbox 1043 2300 1107 2341; x_wconf 89' lang='lat' dir='ltr'><em>mo·</em></span> 
     </span>
     <span class='ocr_line' id='line_1_28' title="bbox 100 2363 770 2447; baseline 0.006 -26"><span class='ocrx_word' id='word_1_196' title='bbox 100 2391 115 2421; x_wconf 73' lang='lat' dir='ltr'><em>s</em></span> <span class='ocrx_word' id='word_1_197' title='bbox 139 2366 224 2439; x_wconf 86' lang='lat' dir='ltr'><em>tivo,</em></span> <span class='ocrx_word' id='word_1_198' title='bbox 236 2363 452 2447; x_wconf 76' lang='lat' dir='ltr'><em>supernaturali</em></span> <span class='ocrx_word' id='word_1_199' title='bbox 464 2374 581 2436; x_wconf 69' lang='lat' dir='ltr'><em>nmen,</em></span> <span class='ocrx_word' id='word_1_200' title='bbox 594 2366 770 2444; x_wconf 78' lang='lat' dir='ltr'><em>coneipitur.</em></span> 
     </span>
    </p>

    <p class='ocr_par' dir='ltr' id='par_1_13' title="bbox 102 2449 1114 2868">
     <span class='ocr_line' id='line_1_29' title="bbox 144 2449 1104 2530; baseline 0.006 -25"><span class='ocrx_word' id='word_1_201' title='bbox 144 2474 159 2505; x_wconf 74' lang='grc'><em>4</em></span> <span class='ocrx_word' id='word_1_202' title='bbox 178 2452 266 2530; x_wconf 77' lang='grc'>44444.</span> <span class='ocrx_word' id='word_1_203' title='bbox 277 2450 323 2511; x_wconf 77' lang='lat' dir='ltr'><em>Ad</em></span> <span class='ocrx_word' id='word_1_204' title='bbox 335 2458 549 2511; x_wconf 82' lang='lat' dir='ltr'><em>sacramentum</em></span> <span class='ocrx_word' id='word_1_205' title='bbox 567 2449 624 2511; x_wconf 87' lang='lat' dir='ltr'><em>hoo</em></span> <span class='ocrx_word' id='word_1_206' title='bbox 643 2450 767 2521; x_wconf 85' lang='lat' dir='ltr'><em>suffieit,</em></span> <span class='ocrx_word' id='word_1_207' title='bbox 780 2457 810 2510; x_wconf 86' lang='lat' dir='ltr'><em>et</em></span> <span class='ocrx_word' id='word_1_208' title='bbox 827 2450 992 2529; x_wconf 87' lang='lat' dir='ltr'><em>requiritur</em></span> <span class='ocrx_word' id='word_1_209' title='bbox 1002 2450 1104 2511; x_wconf 82' lang='lat' dir='ltr'><em>saltem</em></span> 
     </span>
     <span class='ocr_line' id='line_1_30' title="bbox 102 2534 1105 2615; baseline 0.001 -24"><span class='ocrx_word' id='word_1_210' title='bbox 102 2562 116 2591; x_wconf 68' lang='lat' dir='ltr'><em>a</em></span> <span class='ocrx_word' id='word_1_211' title='bbox 140 2535 252 2596; x_wconf 82' lang='lat' dir='ltr'><em>attritio</em></span> <span class='ocrx_word' id='word_1_212' title='bbox 272 2534 421 2609; x_wconf 79' lang='lat' dir='ltr'><em>formalis,</em></span> <span class='ocrx_word' id='word_1_213' title='bbox 443 2534 693 2615; x_wconf 87' lang='lat' dir='ltr'><em>supernaturalis,</em></span> <span class='ocrx_word' id='word_1_214' title='bbox 714 2535 837 2609; x_wconf 83' lang='lat' dir='ltr'><em>allieax,</em></span> <span class='ocrx_word' id='word_1_215' title='bbox 858 2544 889 2595; x_wconf 88' lang='lat' dir='ltr'><em>et</em></span> <span class='ocrx_word' id='word_1_216' title='bbox 910 2535 1105 2607; x_wconf 84' lang='lat' dir='ltr'><em>universalis,</em></span> 
     </span>
     <span class='ocr_line' id='line_1_31' title="bbox 102 2612 1114 2699; baseline -0.002 -18"><span class='ocrx_word' id='word_1_217' title='bbox 102 2644 117 2674; x_wconf 76' lang='lat' dir='ltr'><em>n</em></span> <span class='ocrx_word' id='word_1_218' title='bbox 139 2628 273 2699; x_wconf 79' lang='lat' dir='ltr'><em>respectu</em></span> <span class='ocrx_word' id='word_1_219' title='bbox 296 2620 485 2693; x_wconf 77' lang='lat' dir='ltr'><em>mortalium,</em></span> <span class='ocrx_word' id='word_1_220' title='bbox 500 2629 640 2698; x_wconf 77' lang='lat' dir='ltr'><em>oouoepta</em></span> <span class='ocrx_word' id='word_1_221' title='bbox 654 2620 686 2681; x_wconf 92' lang='lat' dir='ltr'><em>in</em></span> <span class='ocrx_word' id='word_1_222' title='bbox 705 2620 810 2680; x_wconf 90' lang='lat' dir='ltr'><em>ordine</em></span> <span class='ocrx_word' id='word_1_223' title='bbox 821 2620 858 2679; x_wconf 90' lang='lat' dir='ltr'><em>ad</em></span> <span class='ocrx_word' id='word_1_224' title='bbox 871 2612 1114 2692; x_wconf 68' lang='lat' dir='ltr'><em>confessionem,</em></span> 
     </span>
     <span class='ocr_line' id='line_1_32' title="bbox 102 2701 1111 2785; baseline -0.002 -21"><span class='ocrx_word' id='word_1_225' title='bbox 102 2730 116 2758; x_wconf 75' lang='lat' dir='ltr'><em>a</em></span> <span class='ocrx_word' id='word_1_226' title='bbox 140 2705 188 2765; x_wconf 86' lang='lat' dir='ltr'><em>vel</em></span> <span class='ocrx_word' id='word_1_227' title='bbox 204 2704 307 2765; x_wconf 87' lang='lat' dir='ltr'><em>saltem</em></span> <span class='ocrx_word' id='word_1_228' title='bbox 322 2704 546 2766; x_wconf 87' lang='lat' dir='ltr'><em>absolutionem.</em></span> <span class='ocrx_word' id='word_1_229' title='bbox 562 2707 612 2764; x_wconf 79' lang='lat' dir='ltr'><em>list</em></span> <span class='ocrx_word' id='word_1_230' title='bbox 625 2704 801 2764; x_wconf 83' lang='lat' dir='ltr'><em>communis.</em></span> <span class='ocrx_word' id='word_1_231' title='bbox 821 2701 892 2767; x_wconf 84' lang='lat' dir='ltr'><em>Vide</em></span> <span class='ocrx_word' id='word_1_232' title='bbox 903 2705 981 2765; x_wconf 89' lang='lat' dir='ltr'><em>Bon.</em></span> <span class='ocrx_word' id='word_1_233' title='bbox 993 2701 1024 2765; x_wconf 78' lang='grc'><em>44.</em></span> <span class='ocrx_word' id='word_1_234' title='bbox 1033 2704 1061 2763; x_wconf 84' lang='lat' dir='ltr'><em>b.</em></span> <span class='ocrx_word' id='word_1_235' title='bbox 1073 2721 1111 2785; x_wconf 84' lang='lat' dir='ltr'><em>q..</em></span> 
     </span>
     <span class='ocr_line' id='line_1_33' title="bbox 102 2784 747 2868; baseline -0.005 -18"><span class='ocrx_word' id='word_1_236' title='bbox 102 2815 116 2844; x_wconf 77' lang='lat' dir='ltr'><em>a</em></span> <span class='ocrx_word' id='word_1_237' title='bbox 141 2790 171 2851; x_wconf 82' lang='lat' dir='ltr'><em>b.</em></span> <span class='ocrx_word' id='word_1_238' title='bbox 181 2796 211 2850; x_wconf 91' lang='lat' dir='ltr'><em>et</em></span> <span class='ocrx_word' id='word_1_239' title='bbox 221 2786 315 2850; x_wconf 86' lang='lat' dir='ltr'><em>Sobol.</em></span> <span class='ocrx_word' id='word_1_240' title='bbox 329 2808 363 2850; x_wconf 92' lang='grc'><em>44</em></span> <span class='ocrx_word' id='word_1_241' title='bbox 374 2788 522 2868; x_wconf 77' lang='lat' dir='ltr'><em>colligitur</em></span> <span class='ocrx_word' id='word_1_242' title='bbox 536 2807 573 2850; x_wconf 89' lang='lat' dir='ltr'><em>ex</em></span> <span class='ocrx_word' id='word_1_243' title='bbox 590 2786 674 2849; x_wconf 75' lang='lat' dir='ltr'><em>Tria.</em></span> <span class='ocrx_word' id='word_1_244' title='bbox 689 2784 709 2847; x_wconf 87' lang='lat' dir='ltr'><em>l.</em></span> <span class='ocrx_word' id='word_1_245' title='bbox 721 2805 747 2848; x_wconf 88' lang='lat' dir='ltr'><em>a.</em></span> 
     </span>
    </p>
   </div>
   <div class='ocr_carea' id='block_1_5' title="bbox 484 2955 724 3020">
    <p class='ocr_par' dir='ltr' id='par_1_14' title="bbox 484 2955 724 3020">
     <span class='ocr_line' id='line_1_34' title="bbox 484 2955 724 3020; baseline -0.004 -1"><span class='ocrx_word' id='word_1_246' title='bbox 484 2957 565 3020; x_wconf 78' lang='lat' dir='ltr'><em>Unde</em></span> <span class='ocrx_word' id='word_1_247' title='bbox 576 2955 697 3020; x_wconf 82' lang='lat' dir='ltr'><em>resolues</em></span> <span class='ocrx_word' id='word_1_248' title='bbox 710 2982 724 3017; x_wconf 72' lang='lat' dir='ltr'><em>e</em></span> 
     </span>
    </p>
   </div>
   <div class='ocr_carea' id='block_1_6' title="bbox 100 3126 1107 3531">
    <p class='ocr_par' dir='ltr' id='par_1_15' title="bbox 144 3126 1065 3206">
     <span class='ocr_line' id='line_1_35' title="bbox 144 3126 1065 3206; baseline 0 -17"><span class='ocrx_word' id='word_1_249' title='bbox 144 3150 159 3182; x_wconf 72' lang='grc' dir='ltr'>ι</span> <span class='ocrx_word' id='word_1_250' title='bbox 179 3130 209 3189; x_wconf 95' lang='grc'><em>4.</em></span> <span class='ocrx_word' id='word_1_251' title='bbox 222 3131 290 3190; x_wconf 87' lang='lat' dir='ltr'><em>Nou</em></span> <span class='ocrx_word' id='word_1_252' title='bbox 302 3128 464 3206; x_wconf 86' lang='lat' dir='ltr'><em>requiritur</em></span> <span class='ocrx_word' id='word_1_253' title='bbox 474 3126 611 3188; x_wconf 85' lang='lat' dir='ltr'><em>contritio</em></span> <span class='ocrx_word' id='word_1_254' title='bbox 622 3128 799 3203; x_wconf 85' lang='lat' dir='ltr'><em>existimata,</em></span> <span class='ocrx_word' id='word_1_255' title='bbox 818 3138 853 3189; x_wconf 90' lang='lat' dir='ltr'><em>ut</em></span> <span class='ocrx_word' id='word_1_256' title='bbox 868 3132 962 3190; x_wconf 87' lang='lat' dir='ltr'><em>voluit</em></span> <span class='ocrx_word' id='word_1_257' title='bbox 975 3128 1065 3191; x_wconf 78' lang='lat' dir='ltr'><em>Gaba.</em></span> 
     </span>
    </p>

    <p class='ocr_par' dir='ltr' id='par_1_16' title="bbox 100 3212 1107 3531">
     <span class='ocr_line' id='line_1_36' title="bbox 145 3212 1106 3285; baseline -0.001 -11"><span class='ocrx_word' id='word_1_258' title='bbox 145 3235 160 3266; x_wconf 74' lang='lat' dir='ltr'><em>a</em></span> <span class='ocrx_word' id='word_1_259' title='bbox 177 3214 209 3274; x_wconf 74' lang='grc'><em>4.</em></span> <span class='ocrx_word' id='word_1_260' title='bbox 232 3214 299 3273; x_wconf 86' lang='lat' dir='ltr'><em>Nou</em></span> <span class='ocrx_word' id='word_1_261' title='bbox 314 3212 421 3272; x_wconf 86' lang='lat' dir='ltr'><em>suffieit</em></span> <span class='ocrx_word' id='word_1_262' title='bbox 437 3212 467 3270; x_wconf 92' lang='grc'><em>4.</em></span> <span class='ocrx_word' id='word_1_263' title='bbox 485 3212 605 3273; x_wconf 78' lang='lat' dir='ltr'><em>Attritio</em></span> <span class='ocrx_word' id='word_1_264' title='bbox 624 3214 791 3274; x_wconf 83' lang='lat' dir='ltr'><em>existimata</em></span> <span class='ocrx_word' id='word_1_265' title='bbox 813 3212 949 3285; x_wconf 79' lang='lat' dir='ltr'><em>tantum,</em></span> <span class='ocrx_word' id='word_1_266' title='bbox 974 3212 1043 3273; x_wconf 79' lang='lat' dir='ltr'><em>liobt</em></span> <span class='ocrx_word' id='word_1_267' title='bbox 1059 3214 1106 3273; x_wconf 90' lang='lat' dir='ltr'><em>in·</em></span> 
     </span>
     <span class='ocr_line' id='line_1_37' title="bbox 100 3295 1107 3376; baseline 0.005 -23"><span class='ocrx_word' id='word_1_268' title='bbox 100 3324 114 3353; x_wconf 70' lang='lat' dir='ltr'><em>n</em></span> <span class='ocrx_word' id='word_1_269' title='bbox 139 3295 345 3375; x_wconf 80' lang='lat' dir='ltr'><em>culpabiliter3</em></span> <span class='ocrx_word' id='word_1_270' title='bbox 360 3297 428 3374; x_wconf 89' lang='lat' dir='ltr'><em>quia</em></span> <span class='ocrx_word' id='word_1_271' title='bbox 441 3313 509 3355; x_wconf 87' lang='lat' dir='ltr'><em>vera</em></span> <span class='ocrx_word' id='word_1_272' title='bbox 528 3296 642 3358; x_wconf 88' lang='lat' dir='ltr'><em>attritio</em></span> <span class='ocrx_word' id='word_1_273' title='bbox 663 3305 782 3376; x_wconf 79' lang='lat' dir='ltr'><em>estpars</em></span> <span class='ocrx_word' id='word_1_274' title='bbox 801 3296 972 3357; x_wconf 83' lang='lat' dir='ltr'><em>essentialis.</em></span> <span class='ocrx_word' id='word_1_275' title='bbox 996 3298 1027 3355; x_wconf 74' lang='grc'><em>4.</em></span> <span class='ocrx_word' id='word_1_276' title='bbox 1047 3298 1107 3358; x_wconf 86' lang='lat' dir='ltr'><em>Nee</em></span> 
     </span>
     <span class='ocr_line' id='line_1_38' title="bbox 103 3380 1105 3459; baseline 0.005 -24"><span class='ocrx_word' id='word_1_277' title='bbox 103 3408 116 3435; x_wconf 67' lang='grc'><em>4</em></span> <span class='ocrx_word' id='word_1_278' title='bbox 140 3380 319 3441; x_wconf 89' lang='lat' dir='ltr'><em>desiderium</em></span> <span class='ocrx_word' id='word_1_279' title='bbox 345 3380 555 3451; x_wconf 81' lang='lat' dir='ltr'><em>absolutionis,</em></span> <span class='ocrx_word' id='word_1_280' title='bbox 575 3381 638 3440; x_wconf 86' lang='lat' dir='ltr'><em>sine</em></span> <span class='ocrx_word' id='word_1_281' title='bbox 661 3380 766 3441; x_wconf 82' lang='lat' dir='ltr'><em>affeetu</em></span> <span class='ocrx_word' id='word_1_282' title='bbox 788 3381 825 3439; x_wconf 84' lang='lat' dir='ltr'><em>ad</em></span> <span class='ocrx_word' id='word_1_283' title='bbox 851 3386 992 3456; x_wconf 72' lang='lat' dir='ltr'><em>proseuta:</em></span> <span class='ocrx_word' id='word_1_284' title='bbox 1016 3380 1105 3459; x_wconf 85' lang='lat' dir='ltr'><em>idque¹</em></span> 
     </span>
     <span class='ocr_line' id='line_1_39' title="bbox 101 3462 1105 3531; baseline 0.001 -7"><span class='ocrx_word' id='word_1_285' title='bbox 101 3491 115 3518; x_wconf 70' lang='lat' dir='ltr'><em>a</em></span> <span class='ocrx_word' id='word_1_286' title='bbox 141 3465 252 3524; x_wconf 87' lang='lat' dir='ltr'><em>etiamsi</em></span> <span class='ocrx_word' id='word_1_287' title='bbox 266 3463 380 3525; x_wconf 78' lang='lat' dir='ltr'><em>tantum</em></span> <span class='ocrx_word' id='word_1_288' title='bbox 393 3464 557 3524; x_wconf 84' lang='lat' dir='ltr'><em>confitearis</em></span> <span class='ocrx_word' id='word_1_289' title='bbox 573 3466 714 3531; x_wconf 79' lang='lat' dir='ltr'><em>venialia,</em></span> <span class='ocrx_word' id='word_1_290' title='bbox 730 3472 762 3523; x_wconf 92' lang='lat' dir='ltr'><em>ot</em></span> <span class='ocrx_word' id='word_1_291' title='bbox 779 3462 866 3523; x_wconf 86' lang='lat' dir='ltr'><em>habet</em></span> <span class='ocrx_word' id='word_1_292' title='bbox 876 3464 1018 3523; x_wconf 83' lang='lat' dir='ltr'><em>sententia</em></span> <span class='ocrx_word' id='word_1_293' title='bbox 1031 3484 1105 3525; x_wconf 88' lang='lat' dir='ltr'><em>eom·</em></span> 
     </span>
    </p>
   </div>
   <div class='ocr_carea' id='block_1_7' title="bbox 99 3546 1103 3691">
    <p class='ocr_par' dir='ltr' id='par_1_17' title="bbox 99 3546 1103 3691">
     <span class='ocr_line' id='line_1_40' title="bbox 99 3546 1103 3691; baseline 0.004 -86"><span class='ocrx_word' id='word_1_294' title='bbox 99 3576 115 3605; x_wconf 65' lang='lat' dir='ltr'><em>a</em></span> <span class='ocrx_word' id='word_1_295' title='bbox 139 3550 238 3611; x_wconf 86' lang='lat' dir='ltr'><em>munis</em></span> <span class='ocrx_word' id='word_1_296' title='bbox 253 3560 353 3611; x_wconf 87' lang='lat' dir='ltr'><em>eontra</em></span> <span class='ocrx_word' id='word_1_297' title='bbox 368 3546 476 3631; x_wconf 73' lang='grc'>«449444</span> <span class='ocrx_word' id='word_1_298' title='bbox 485 3557 514 3609; x_wconf 82' lang='grc'><em>44</em></span> <span class='ocrx_word' id='word_1_299' title='bbox 525 3548 666 3628; x_wconf 84' lang='lat' dir='ltr'><em>quosdam</em></span> <span class='ocrx_word' id='word_1_300' title='bbox 675 3548 763 3623; x_wconf 75' lang='grc'>44444,</span> <span class='ocrx_word' id='word_1_301' title='bbox 778 3566 849 3627; x_wconf 86' lang='lat' dir='ltr'><em>quos</em></span> <span class='ocrx_word' id='word_1_302' title='bbox 860 3548 992 3691; x_wconf 60' lang='grc' dir='ltr'>44424ιέ444</span> <span class='ocrx_word' id='word_1_303' title='bbox 1002 3549 1103 3613; x_wconf 86' lang='lat' dir='ltr'><em>Toneb.</em></span> 
     </span>
    </p>
   </div>
   <div class='ocr_carea' id='block_1_8' title="bbox 0 0 1239 3975">
    <p class='ocr_par' dir='ltr' id='par_1_18' title="bbox 0 0 1239 3975">
     <span class='ocr_line' id='line_1_41' title="bbox 0 0 1239 3975; baseline 0 0"><span class='ocrx_word' id='word_1_304' title='bbox 0 0 1239 3975; x_wconf 95' lang='lat' dir='ltr'><em> </em></span> 
     </span>
    </p>
   </div>
  </div>
 </body>
</html>
