2450 3975
137 209 196 273 tra
386 210 453 274 444.
466 212 496 272 t.
512 214 611 271 Trort.
624 212 654 271 t.
670 210 714 271 llo
731 209 914 292 poenitentia.

135 305 176 365 Ρ.
190 298 301 366 sena.
313 302 404 366 XIV.
419 305 450 365 44
463 322 515 365 sua
527 304 755 377 constitutione,
767 306 853 364 later
865 300 1033 383 praeteritos
1047 348 1056 372 ,
1073 302 1151 365 edita

138 390 303 453 5444444444.
315 390 405 451 tata.
419 408 475 469 pro
487 389 609 468 jubileo
622 390 692 451 anni
705 390 817 461 444444,
828 388 866 449 de
879 406 936 465 qua
946 389 1152 466 precedentcr

138 475 278 536 locutus
268 493 300 535 rn
310 476 497 537 Allocutione
511 474 705 535 consistoriali
718 472 899 533 4444444444
911 472 979 551 llaji
991 473 1060 533 eod.
1071 492 1150 534 anno
1223 482 1224 489 ’

139 558 275 619 4444444444
288 555 487 640 Difficultotes
502 558 589 637 (44444
600 557 751 617 facultates
761 555 927 636 jubilaeilin
936 576 1032 617 unam
1044 576 1149 637 carage-

135 658 247 703 rere...
262 650 315 715 ‚et
326 642 501 723 questiones
516 660 615 704 444444
630 640 665 703 de
676 640 770 703 medio
783 638 882 702 tollere
897 660 958 703 ooo
967 642 1150 721 pretermit-

136 726 529 790 444444444444441444
541 729 680 789 Doctores
696 722 1149 787 ConstitutioerisoliommPoa·

137 810 250 891 teserem
259 810 338 893 [eisd
350 812 577 892 interpretasse,
589 810 663 893 quio
673 830 733 871 444
747 810 816 873 beot
829 808 945 872 aerbo
931 824 1068 889 aptorum
1077 827 1151 889 per·

133 893 310 977 proderunt.
329 896 463 958 llernde
453 913 485 956 1n
501 896 641 976 praedicta
663 896 781 957 constit.
798 896 884 955 later
898 890 1085 975 4444444444,
1107 894 1149 954 444

135 982 282 1043 4444444444

175 1069 199 1128 4.
214 1070 271 1128 Per
288 1068 394 1140 rerba,
411 1069 478 1128 4444
492 1066 702 1149 44444444444
721 1074 750 1130 44
765 1064 926 1147 confessis,
946 1063 1072 1145 intelligi
1095 1066 1147 1129 de·

137 1153 188 1215 444
212 1152 333 1213 actualis
354 1153 498 1227 4444444444
527 1150 590 1230 (44
619 1150 699 1213 dieto
725 1160 815 1213 44444.
841 1154 926 1212 Inter·
957 1149 1145 1231 preteritas,

137 1237 165 1319 3.
187 1238 231 1318 t.)
261 1240 301 1299 44.
329 1239 441 1299 Omnes
470 1237 654 1299 visitationes
688 1238 880 1299 Ecclesiarma
905 1237 1015 1299 debent
1044 1240 1146 1315 perlici

138 1342 199 1387 uno
224 1323 293 1396 die,
324 1324 494 1404 incipiendo
519 1324 600 1383 diem
625 1322 642 1383 4
665 1323 760 1385 media
783 1324 820 1383 ad
844 1323 972 1383 mediam
1000 1331 1145 1393 noctem,

138 1408 220 1469 4444
242 1426 362 1487 vespera
382 1410 420 1469 ad
436 1426 600 1489 vesperam.
624 1406 651 1489 3.
671 1410 721 1468 45.
743 1408 794 1468 444.
814 1410 869 1467 Per
887 1407 1083 1467 clausulam:
1099 1404 1147 1467 444

138 1487 349 1573 444444444444
378 1501 535 1565 44444444,
560 1498 590 1551 44
621 1490 705 1553 Sedis
733 1490 918 1573 apostolieae,
947 1500 1009 1551 444
1034 1500 1147 1551 cessam

137 1574 328 1655 indulgentiae
340 1586 436 1638 morta
448 1576 622 1639 Ponuficrs
635 1575 718 1637 44444
730 1595 755 1637 ar
766 1587 881 1637 tantum
891 1575 1026 1648 ducatur
1037 1574 1086 1637 Aa
1100 1575 1148 1638 44-

138 1658 318 1764 neplocituos
331 1662 508 1743 4444444443
510 1664 582 1723 .48.
595 1662 648 1722 tv.
663 1663 747 1723 Circa
760 1656 1148 1741 suspensionemindulgen-

139 1749 268 1821 tiorum,
288 1742 434 1827 quando
425 1767 456 1808 rn
470 1746 728 1825 indultodioitur,
741 1765 840 1809 ornnes
853 1752 882 1807 et
897 1742 1042 1826 singule,
1056 1750 1148 1809 etiam

138 1832 279 1915 plenariae
295 1832 526 1912 suspenduntur
538 1830 567 1912 3
587 1832 638 1893 44.
655 1834 690 1893 V.
706 1832 899 1911 Indulgentiae
914 1849 968 1909 pro
991 1831 1066 1891 vivia
1085 1850 1147 1893 non

138 1927 263 1998 4444444
281 1918 421 1998 applicari
441 1935 497 1998 pro
513 1918 669 2004 defunctis.
687 1916 716 1998 3.
737 1918 787 1977 45.
800 1918 854 1976 Vl
871 1916 1018 1995 Tempore
1031 1914 1145 1994 jubilari

137 2002 208 2063 4444
221 2005 313 2063 sancti
327 2011 449 2062 manent
458 1987 606 2082 suspensor⁴
625 2001 775 2063 facultates
782 1991 963 2080 regularium
976 2001 1146 2062 absolvendi

136 2085 155 2147 4
171 2084 285 2145 4444444
308 2085 526 2160 4411444444,
540 2093 570 2146 44
589 2089 745 2148 reservatis
757 2086 824 2148 Sodi
841 2085 1025 2164 apostolica,
1036 2093 1066 2146 et
1078 2095 1146 2147 vota
1163 2127 1167 2134 -

137 2169 359 2244 commutandi,
385 2168 449 2229 4444
475 2170 536 2230 4444
562 2189 705 2232 concessae
732 2172 842 2232 intuitu
867 2169 1145 2250 indulgentiarum,

135 2259 198 2322 sive
213 2257 252 2318 44
262 2256 333 2317 alias
352 2273 460 2316 causas.
477 2253 505 2336 3.
520 2257 569 2317 444.
590 2263 621 2315 44
637 2257 686 2316 54.
705 2253 771 2318 llll.
785 2256 821 2314 vi
837 2255 951 2333 jubilari
966 2256 1070 2332 nequit
1091 2255 1144 2316 ab·

137 2343 211 2406 solvi
224 2341 344 2404 44444444
358 2349 491 2401 externa.
506 2341 533 2420 3.
552 2342 601 2402 58.
620 2341 702 2402 Vlll.
721 2339 845 2413 Quando
856 2339 984 2399 dieitur:
1009 2341 1146 2402 Comma·

138 2428 355 2489 totioootorum
362 2424 422 2505 fiat
438 2423 652 2507 disperrsando,
666 2425 869 2504 principaliter
881 2423 968 2484 debet
979 2426 1091 2486 attendi
1106 2428 1144 2488 ad
1223 2431 1224 2440 ’

136 2513 397 2576 commutationem
416 2555 425 2584 ‚
447 2511 490 2573 ita
509 2521 541 2572 ut
560 2511 682 2572 materia
707 2507 863 2588 subrogata
891 2511 1007 2572 nonsit
1026 2513 1145 2574 exorbi-

137 2609 236 2661 tanter
245 2598 367 2658 minor:
382 2595 498 2658 molossi
511 2595 628 2656 dicutur
641 2639 649 2667 ‚
661 2594 851 2676 Dispensatio
858 2592 916 2673 fiat
927 2597 1143 2658 comoratoodo.

136 2682 164 2765 3.
180 2683 229 2743 to.
251 2685 303 2742 tx.
328 2683 461 2743 Facultaa
486 2679 676 2759 dispensandi
698 2697 758 2739 non
780 2679 943 2739 includitur
961 2681 994 2740 in
1008 2680 1144 2742 facultate

136 2765 349 2828 commutandi.
372 2765 400 2845 3.
414 2767 462 2827 tt.
475 2767 514 2825 X.
534 2763 638 2839 Quoad
652 2765 881 2843 irregularitates
897 2765 1044 2842 pertinet,
1056 2766 1144 2843 quid·

136 2851 209 2930 quid
222 2854 262 2911 444
281 2850 319 2910 (44
335 2849 533 2911 controversia
547 2893 555 2922 ‚
568 2847 642 2910 ndm
656 2849 711 2910 suh
725 2849 845 2909 nomine
858 2865 989 2910 censura
1001 2848 1144 2927 irregula-

136 2935 207 2997 ritas
216 2951 252 2995 ex
265 2934 373 2994 delicto
382 2932 652 3012 comprehendatur
661 2977 670 3004 ‚
679 2933 766 2994 datur
775 2934 849 2994 facul
855 2942 895 2991 tas
908 2932 1096 3010 dispensandi
1105 2933 1142 2994 oh

136 3021 247 3084 occulta
267 3017 484 3095 irregularitate
502 3018 541 3077 ob
553 3017 744 3078 violationem
764 3033 955 3078 censurarum
976 3015 1140 3078 dumtaxat.

135 3105 162 3189 3.
175 3109 223 3167 40.
234 3106 287 3165 Xl.
301 3104 420 3164 facultas
431 3102 636 3163 commutandi
650 3103 698 3180 pia
712 3120 800 3182 opera
814 3121 873 3163 non
884 3101 1061 3178 intelligitur
1074 3101 1141 3165 data
1223 3179 1224 3182 Ἴ

135 3190 439 3260 circaeonlessionem‚
450 3186 726 3248 etcommunionenr
736 3188 943 3266 (praeterquam
956 3187 1141 3267 eumpueris)
1223 3185 1224 3194 ’

135 3285 186 3337 444
195 3275 358 3336 orationem
370 3272 561 3333 necessariam
570 3271 603 3330 in
612 3271 790 3333 visitatione.
801 3273 861 3333 Neo
871 3272 1063 3332 commutatio
1076 3271 1139 3331 lieri

135 3368 231 3434 potest
242 3359 279 3418 ad
289 3375 378 3435 opera
397 3356 517 3417 aliunde
530 3355 639 3415 debita.
658 3359 719 3418 Neo
733 3357 889 3434 jubilaeum
912 3357 1024 3434 acquiri
1043 3365 1142 3436 potest

132 3455 274 3514 peropus
294 3440 366 3498 44444
384 3440 522 3501 debitum
539 3437 658 3536 (puta
634 3458 658 3500 sr
672 3441 740 3516 quis
753 3458 789 3500 ex
809 3442 1052 3520 legatoteneatur
1069 3441 1141 3502 darc

132 3517 347 3611 eleemosynam
359 3522 512 3599 pauperi),
527 3523 583 3582 4444
610 3523 661 3601 qui
682 3522 897 3602 indulgentiam
914 3525 1069 3596 concedit,
1085 3544 1141 3586 no-

131 3595 267 3656 minatim
281 3603 358 3662 dicut
370 3605 478 3682 ‚quod
491 3624 545 3683 per
567 3607 744 3685 pradictum
758 3620 832 3688 opus
849 3608 961 3686 acquiri
974 3607 1087 3685 pussit3
1108 3609 1139 3670 id
