2450 3975
338 192 451 280 Cani.
474 200 517 259 lle
530 196 711 260 contritione.
724 197 803 261 ch.
817 197 849 257 9.
1045 200 1102 265 999

101 302 193 365 media
213 299 313 363 salutis
333 308 395 361 tuta
408 344 416 372 ,
431 318 491 361 non
511 308 609 359 autem
627 299 747 360 tutiora.
761 300 890 378 Utraque
902 300 1046 361 sententia
1059 308 1103 362 est

102 386 272 464 probabilis,
294 383 345 445 sed
371 384 466 464 prima
485 382 607 443 omnini
625 392 670 443 est
685 382 883 457 consulenda,
909 381 977 445 caim
1001 392 1104 462 agatur

102 468 138 529 de
157 488 269 530 summo
290 468 391 528 salutis
409 466 543 545 negotio,
557 465 641 542 cujus
655 467 819 545 periculum
838 475 882 528 eat
902 467 1103 547 irreparabile.

103 554 164 615 lmb
181 554 244 615 dico
265 571 328 614 csse
347 550 470 612 omnino
484 552 663 630 sequendam
679 551 717 611 ab
736 568 789 624 eo,
803 552 856 630 qui
870 553 984 614 essetin
998 550 1103 614 actuali

101 638 220 699 articula
239 637 343 701 mortis
364 657 373 694 ε
398 643 469 696 tunc
492 637 572 695 enim
592 636 719 715 quisquc
742 644 861 696 tenetur
880 635 986 698 elicere
1005 646 1104 699 actum

98 720 302 799 charitatis(ut
318 719 480 781 tenendum
493 737 560 781 eum
575 722 664 782 Snar.
687 737 722 780 n.
743 719 774 779 i.
795 716 915 782 notem.
937 738 970 781 n.
993 724 1062 783 ill.
1075 726 1105 784 cl

97 808 180 887 Sper.
195 826 227 867 n.
248 808 298 867 55.
312 822 379 867 cnm
393 802 510 866 Marad.
528 803 604 881 etad,
621 805 667 864 cui
683 822 773 865 nemo
788 812 883 881 potest
901 805 1064 867 satisfacere
1077 804 1102 865 si

95 899 266 954 occurrente
285 890 565 967 memoriaenon,
580 906 616 951 ex
632 888 735 951 eodem
751 886 901 951 eharitatis
913 890 1025 953 motivo
1035 908 1103 971 pec·

95 985 191 1039 catum
206 994 268 1037 non
280 976 451 1038 detestetur.
477 1020 491 1035 .

133 1062 235 1123 Dabit.
254 1064 284 1121 5.
301 1062 348 1121 iln
366 1062 397 1121 in
416 1060 520 1121 diebus
534 1060 615 1121 iestis
632 1059 743 1139 obliget
755 1070 935 1140 preceptum
948 1061 1103 1125 contritio·

95 1148 159 1210 nis?
173 1147 331 1207 Affirmant
347 1142 520 1218 Marcilinc,
540 1147 579 1206 P.
592 1145 681 1217 Soio,
694 1154 744 1206 etc.
760 1163 812 1225 ap.
828 1142 921 1207 Salm.
939 1154 977 1206 tr.
990 1148 1020 1206 ti.
1034 1164 1060 1207 e.
1071 1149 1101 1208 i.

91 1248 124 1312 p.
148 1234 178 1293 n.
199 1250 233 1291 n.
255 1232 327 1302 tn,
351 1230 421 1308 quia
442 1229 626 1290 observantia
647 1229 713 1289 sesti
736 1227 804 1289 idco
825 1230 959 1290 instituta
978 1238 1045 1301 est,
1069 1239 1103 1291 ut

94 1318 198 1383 animae
219 1315 450 1377 sanctificentur.
470 1314 527 1375 Sed
546 1324 655 1392 negant
666 1314 865 1375 communiter
880 1317 995 1391 Canna,
1011 1317 1100 1377 Doni.

92 1402 176 1475 Solo,
187 1398 308 1462 Armili.
323 1402 412 1461 Saar.
428 1400 516 1480 Vasq.
532 1400 611 1460 Bon.
624 1401 694 1479 lica.
707 1407 760 1460 etc.
771 1416 838 1458 curn
847 1396 972 1458 Saloni.
984 1417 1023 1470 a,
1033 1401 1101 1476 quie

92 1485 159 1547 finis
176 1486 315 1564 praecepti
334 1501 394 1545 non
414 1483 492 1545 cadit
508 1484 563 1545 sub
575 1481 929 1564 pracceptal't‘dcdictai.
942 1484 972 1542 l.
985 1503 1018 1545 n.
1031 1485 1099 1545 rot.

127 1570 233 1631 Dubii.
249 1562 278 1631 l.
294 1571 339 1629 An
357 1577 462 1630 votum
484 1570 672 1630 consessionis
690 1569 722 1629 in
733 1568 911 1630 enutritione
922 1568 1027 1629 debeat
1040 1586 1101 1630 esse

90 1656 273 1735 explicitum.
292 1656 413 1714 Certum
430 1662 475 1714 est
491 1654 754 1715 arridentem.
768 1655 854 1714 lac.
868 1655 897 1713 l.
912 1663 1028 1731 peccata
1040 1672 1100 1716 non

89 1740 200 1817 remitti
225 1740 335 1799 nisiex
354 1746 424 1797 voto
443 1739 618 1799 sacramenti
638 1738 842 1815 paenitentia:
858 1736 983 1797 dubium
1001 1745 1046 1799 est
1062 1756 1100 1798 an

90 1822 143 1885 hoc
166 1832 271 1885 votum
293 1820 429 1899 explicite
447 1822 487 1881 sit
508 1820 703 1882 habendum?
721 1820 879 1882 Affirmant
898 1822 999 1883 Canac
1014 1840 1048 1903 p.
1069 1824 1099 1883 5.

89 1924 117 1985 q.
135 1908 164 1968 9.
182 1914 211 1968 ct
232 1908 342 1967 Tonrn.
361 1901 492 1965 Preiect.
511 1902 598 1967 tltcol.
615 1904 651 1966 de
662 1903 767 1987 ponit.
780 1922 833 1989 qn.
852 1908 884 1967 l.
905 1914 965 1966 art.
985 1908 1013 1966 l.
1030 1906 1099 1985 quit

89 1993 156 2064 illa,
173 2011 243 2072 quae
257 1991 295 2051 de
307 1990 477 2050 necessitate
495 1991 585 2052 medii
602 2000 673 2053 sunt
689 1993 867 2064 necessaria,
881 1991 1018 2072 expliciti
1030 2010 1100 2070 pro·

88 2079 225 2158 ponenda
243 2075 365 2138 suntab
382 2076 425 2138 eis
444 2076 551 2154 quibus
572 2077 620 2139 lex
635 2076 699 2154 jam
715 2086 760 2139 est
780 2078 974 2139 manifestata.
985 2081 1099 2156 Negant

87 2164 156 2225 verb
174 2162 375 2225 communiter
394 2158 576 2240 probabilius
594 2165 672 2223 Bon.
683 2181 716 2246 p.
730 2165 760 2224 5.
774 2182 808 2223 n.
820 2164 850 2223 8.
862 2164 956 2224 Gonct
973 2181 1006 2220 a.
1021 2164 1051 2221 b.
1070 2169 1100 2222 ct

87 2247 177 2313 Scin.
190 2245 267 2312 ibid.
282 2265 307 2308 e.
325 2249 356 2308 9.
370 2266 403 2329 p.
418 2249 448 2307 5.
464 2266 497 2308 n.
510 2247 560 2310 95.
577 2263 646 2308 cnm
659 2249 762 2325 Scato,
777 2250 867 2310 Snar.
878 2248 965 2324 Solo,
979 2247 1096 2307 linear.

87 2331 188 2396 Alcaei
196 2378 204 2406 ,
223 2331 349 2394 Adn'an.
364 2327 436 2392 tritt.
452 2330 534 2394 Med.
546 2339 575 2391 et
585 2329 667 2392 aliie.
680 2333 766 2393 ilatio
778 2333 808 2393 l.
823 2332 893 2410 quia
905 2349 943 2392 ex
957 2331 1023 2409 ipso
1030 2331 1099 2392 Tri·

88 2417 167 2480 dent.
192 2413 339 2488 habetui,
360 2424 463 2477 votum
485 2414 542 2476 boc
564 2415 677 2477 includi
700 2416 734 2476 in
755 2417 950 2489 contritione,
964 2415 1037 2480 dum
1054 2414 1098 2476 ibi

88 2505 127 2564 sic
140 2497 550 2564 diciturrlieconciliationcm
560 2501 638 2579 (quae
647 2517 701 2578 per
711 2502 921 2562 contritionem
938 2500 1097 2579 perfectam

89 2587 252 2666 obtinetur)
266 2583 328 2668 ipsi
340 2585 526 2662 contritioni,
541 2584 605 2646 eine
621 2583 799 2646 sacramenti
809 2592 891 2661 octa,
904 2581 984 2664 qnod
994 2582 1029 2644 in
1042 2580 1098 2644 itta

87 2670 271 2743 includitur,
291 2687 353 2730 non
371 2687 431 2731 case
449 2668 682 2731 adscribendam.
698 2670 784 2742 Quod
797 2669 829 2728 in
842 2668 902 2728 alio
915 2666 1095 2739 includitur,

88 2757 265 2835 implicitum
284 2764 328 2815 est
341 2799 349 2827 ‚
363 2773 424 2816 non
438 2753 621 2832 explicitum.
636 2754 720 2813 Ratio
732 2756 763 2814 9.
781 2753 851 2830 quia
866 2752 910 2812 illi
921 2795 930 2826 ,
942 2751 994 2830 qui
1008 2749 1096 2814 habet

88 2842 223 2902 notitiam
246 2838 454 2912 confessionis,
474 2855 535 2900 non
554 2847 600 2898 est
617 2855 753 2912 necesse,
768 2849 803 2899 ut
822 2837 896 2900 dum
912 2839 1094 2911 conteritur,

87 2924 276 2986 consessionis
297 2924 490 2996 recordetur,
508 2923 559 2984 sed
577 2923 685 2984 sufficit
705 2932 739 2984 ut
758 2924 839 2985 iilam
860 2942 921 2986 non
939 2923 1095 3004 excludat3

86 3010 156 3088 ergo
177 3010 215 3070 ad
234 3010 442 3071 contritionem
457 3026 518 3069 non
531 3017 575 3068 est
588 3010 740 3070 essentiale
757 3010 794 3069 ad
812 3009 1014 3072 remissionem
1026 3025 1094 3087 pee-

86 3097 161 3166 cati‚
179 3093 260 3173 qubd
278 3101 382 3154 votum
402 3093 590 3155 consessionis
610 3093 651 3154 sit
668 3094 876 3172 explicitum„

123 3177 195 3240 t58.
216 3211 255 3222 -
274 3178 372 3252 Quaer.
395 3179 447 3238 lV.
470 3179 516 3237 An
541 3176 579 3237 ad
599 3179 833 3257 consequendam
853 3175 1095 3256 justificationem

85 3263 277 3340 requirantur
299 3264 335 3323 ad
358 3262 472 3340 singula
492 3271 608 3341 peccatu
626 3265 734 3342 singuli
754 3272 835 3324 aetna
853 3260 988 3320 doloris?
1007 3258 1094 3320 ator-

87 3357 170 3406 mant
187 3343 267 3424 Sylo.
285 3349 318 3407 in
334 3348 363 3406 5.
376 3353 457 3426 part.
473 3363 502 3425 q.
516 3349 546 3406 9.
559 3366 588 3406 a.
601 3349 631 3406 6.
646 3343 737 3408 conci.
751 3348 780 3406 l.
794 3339 941 3424 etdnoicc
952 3359 1003 3422 ap.
1016 3345 1091 3406 Bne.

87 3440 123 3492 nt
137 3431 240 3509 snpra.
256 3433 313 3492 Alii
329 3439 444 3506 autem,
461 3432 611 3500 uisatur,
627 3432 745 3499 Canae,
759 3424 840 3490 Med.
856 3444 908 3506 ap.
918 3427 1007 3486 Snar.
1018 3425 1048 3488 d.
1059 3429 1090 3490 i.

88 3515 155 3574 sect.
164 3516 193 3573 8.
202 3531 234 3573 n.
243 3515 273 3574 l.
284 3515 424 3576 dixerunt
438 3515 541 3574 saltem
553 3513 665 3588 requiri
679 3529 774 3570 unum
787 3518 884 3570 actum
895 3509 1024 3581 doloris,
1038 3513 1090 3589 qui

88 3591 1091 3677 detesteturomniapeccatadistincticognitaNerirmomniubtcnen·
