2450 3975
121 206 179 265 toa
363 200 428 266 666.
441 202 470 262 6.
487 203 584 262 Troat.
598 201 628 261 5.
641 198 685 262 Do
695 196 895 262 Harborialio.

118 322 143 365 6.
172 304 202 364 6.
228 319 312 364 osam.
340 304 371 365 6.
401 303 485 387 Lupo
509 300 542 361 6.
566 302 615 363 66.
638 318 723 363 oum.
755 302 805 361 56.
827 318 896 361 666
928 302 1081 363 communi
1099 310 1135 365 ut

118 389 221 450 asserit
240 391 331 455 aeae.
348 409 374 451 e.
398 392 429 449 6.
453 395 558 471 querat.
585 391 616 450 6.
640 407 668 448 r.
694 392 724 449 l.
744 406 812 448 oum
835 389 921 448 6666.
949 389 1027 467 666.
1057 386 1132 449 Fill.

124 471 194 537 lbb.
222 476 317 536 71666.
345 472 437 553 Meis.
454 476 544 536 8666.
570 471 601 535 6.
624 474 673 535 66.
699 480 768 533 sect.
795 473 824 533 5.
847 470 876 551 S.
900 471 1027 553 76696666
1044 474 1064 552 ·(
1079 476 1134 553 qui

118 575 186 621 oum
200 558 308 621 Sotoet
327 558 439 623 Palati.
460 576 527 620 eam
553 566 652 631 tenet,
683 558 708 618 si
732 557 902 618 communio
929 557 1028 618 triduo
1046 558 1133 618 6666

117 643 157 703 sit
179 644 323 723 suscepta)
348 654 381 705 et
401 642 585 725 probabilem
606 650 713 722 putant
729 638 844 703 Palatio
865 660 897 723 p.
922 643 971 703 66.
991 660 1077 703 oum.
1100 644 1132 705 7.

118 734 145 787 ol
153 724 249 789 Salsa.
261 728 297 791 66
305 728 399 790 6666.
412 748 437 788 6.
446 730 476 789 8.
490 746 522 809 p.
537 730 567 790 l.
586 746 671 788 aum.
690 728 719 788 5.
732 728 834 797 Ratio,
854 725 920 788 taint
931 727 1000 805 quia
1021 746 1135 806 prasea-

119 820 204 888 ptum
215 814 432 875 communionis
449 813 512 891 jam
524 814 556 873 in
574 812 737 874 substantia
745 810 902 890 impletum
918 821 962 871 est
976 828 1028 891 per
1048 831 1135 875 oom-
1223 880 1224 893 χ

120 897 293 959 munionem
318 896 401 977 priuis
420 906 609 977 perceptam3
638 894 703 959 tiam
721 897 790 975 quia
814 894 882 957 ideb
901 904 1021 957 tenetur
1041 896 1135 959 bomo
1223 908 1224 923 ³

120 983 339 1045 communicare
352 985 383 1044 in
396 984 521 1044 articulo
534 988 657 1057 mortis,
679 991 713 1045 ut
733 981 790 1043 hoe
810 991 991 1045 sacramento
1003 1001 1034 1045 se
1053 1002 1134 1062 praa·
1223 1012 1224 1015 ¹

120 1076 205 1145 paret
226 1068 264 1128 nd
289 1070 448 1130 transitum
469 1086 507 1129 ex
529 1066 584 1127 bao
602 1068 685 1146 vita,
710 1067 761 1129 sed
776 1065 839 1144 jana
857 1077 993 1128 censetur
1010 1070 1079 1129 eatis
1098 1087 1135 1129 se

121 1171 297 1232 {inoperasse
320 1156 373 1231 qui
388 1152 478 1234 paulb
498 1151 568 1215 ante
583 1152 824 1215 communicavit·
836 1152 903 1212 666
922 1154 1065 1214 sententia
1088 1163 1134 1214 est

120 1239 189 1299 satis
207 1239 388 1320 probabilis,
404 1240 508 1300 saltem
528 1236 574 1317 (ut
586 1238 690 1297 dieunt
701 1238 791 1299 Sator.
809 1232 835 1297 l.
847 1256 871 1297 6.
884 1238 1001 1317 666696
1021 1258 1052 1299 6.
1067 1241 1132 1318 55.)

120 1322 328 1401 siperioulum
356 1326 460 1387 mortis
485 1323 663 1385 naturaliter
689 1322 816 1396 aecidat,
840 1322 910 1401 quia
931 1332 1003 1385 tuno
1025 1324 1056 1383 in
1079 1325 1135 1387 iilo

121 1408 205 1471 brevi
224 1420 358 1489 tempore
376 1410 561 1471 antecedenti
583 1408 645 1485 jam
669 1408 822 1469 moraliter
841 1406 931 1488 eoepit
952 1407 1134 1485 imminere,

121 1496 256 1573 quamvis
277 1497 366 1555 tuerit
387 1496 578 1573 ignoratum?

158 1576 292 1640 6666666
299 1576 445 1639 666666ῑὶ6
457 1576 528 1638 verb
547 1576 732 1657 probabilior
750 1576 899 1650 affirmat,
919 1594 1008 1657 6666
1029 1587 1135 1641 tenent

127 1664 214 1745 vaso.
227 1664 257 1726 6.
272 1666 341 1726 ill.
357 1682 381 1725 6.
391 1667 421 1725 2.
436 1682 468 1724 6.
490 1665 538 1723 lt.
552 1659 669 1723 Poloua
682 1658 703 1723 l.
715 1681 741 1725 6.
756 1660 887 1723 coactae
908 1680 939 1743 p.
961 1664 1029 1725 566.
1044 1683 1133 1726 ouen.

123 1750 170 1810 66.
187 1752 271 1812 Colat.
286 1754 398 1811 76666.
411 1746 448 1812 66
462 1746 556 1810 Euris.
571 1764 636 1829 cop.
649 1750 747 1809 6666.
765 1750 793 1807 ⁶2.
804 1753 871 1808 aaut.
884 1750 913 1807 Ξ).
926 1745 1016 1809 66666.
1042 1750 1070 1808 t.
1100 1768 1134 1810 υ.

123 1836 340 1908 Quantosne
352 1832 475 1907 Habeat,
489 1832 582 1893 Dion.
595 1852 626 1913 p.
642 1832 671 1893 5.
682 1838 768 1893 trool.
792 1832 822 1891 5.
844 1852 871 1892 ν.
891 1832 939 1893 55.
959 1850 1024 1891 mam
1039 1835 1137 1894 Harl.

130 1922 220 1980 Ture.
234 1918 345 2000 Oolaop.
365 1927 418 1979 eto.
430 1927 462 1978 ot
480 1917 550 1979 buie
571 1919 663 1997 magis
680 1916 831 1979 adbaerent
852 1914 946 1983 Solos.
960 1914 1035 1980 6666.
1054 1936 1087 1979 6.
1101 1918 1135 1978 7.

122 2004 224 2076 liatio,
250 2005 318 2081 quia
335 2003 391 2064 666
407 2003 543 2064 divinum
562 2004 737 2064 mandatum
759 2020 796 2062 ex
818 2003 1061 2080 interpretatione
1078 2005 1137 2064 Eo-

123 2088 217 2148 olesim
236 2087 356 2166 praeoisai
380 2087 491 2165 obligat
516 2088 644 2149 instante
666 2087 798 2167 periculo
811 2087 938 2160 mortis,
966 2096 1000 2147 ut
1025 2097 1133 2150 eontra

122 2170 218 2234 hostes
240 2171 297 2233 boe
315 2172 417 2233 divino
440 2173 577 2250 praesidio
600 2173 794 2248 muniamur3
814 2169 885 2250 ergb
912 2190 972 2233 666
990 2172 1138 2250 impletur

123 2279 177 2338 per
198 2259 438 2322 ooanmunionem
458 2275 495 2319 oa
506 2258 663 2320 dovotione
682 2266 844 2336 suseeptam
859 2279 868 2332 3
886 2258 1053 2319 sicutenim
1069 2277 1137 2322 666

123 2354 217 2423 potest
230 2344 365 2406 satisfieri
384 2343 484 2406 debito
505 2345 678 2423 priusquam
697 2342 900 2414 contrahatur,
922 2343 963 2404 ita
982 2344 1136 2405 neosatis-

122 2430 187 2490 steri
199 2439 345 2509 praecepto
362 2438 520 2506 antequam
536 2428 600 2504 ejus
613 2437 717 2507 urgeat
737 2427 886 2505 obligatio.
899 2428 960 2489 Neo
974 2427 1069 2488 obstat
1084 2427 1137 2489 di-

122 2533 206 2586 oaro,
226 2513 307 2592 quod
322 2513 373 2592 qui
390 2512 478 2592 paulb
497 2512 566 2573 ante
589 2512 837 2583 oommnnioavit‚
856 2510 919 2587 jam
951 2510 1136 2574 sufficienter

121 2619 153 2660 se
165 2599 328 2670 munierit,
342 2598 422 2658 unde
440 2595 502 2674 jam
525 2597 661 2656 satisfecit
685 2597 739 2656 tini
759 2596 918 2673 praesepti3
940 2595 1051 2656 namsi
1073 2595 1138 2658 boo

124 2684 252 2754 soleret,
277 2683 329 2760 qui
344 2682 617 2760 pridiel'almarum
633 2681 875 2740 eommunioasset
886 2722 895 2754 ‚
907 2695 961 2740 nee
978 2687 1136 2742 teneretur

122 2767 159 2826 erl
179 2768 418 2828 communionem
435 2765 620 2846 paschalem,
633 2765 684 2828 aad
697 2763 753 2828 boo
766 2782 852 2828 6666
864 2765 953 2826 diuet.
968 2763 1039 2828 Vitis
1047 2763 1135 2828 alitia

122 2871 152 2912 6.
168 2851 238 2912 297.
253 2849 369 2928 italiae.

134 2971 138 2976 ⁴
160 2935 361 2998 Dubitaturb.
374 2935 419 2996 An
432 2937 485 3014 qui
502 2933 829 2997 maneeommunioavit
841 2929 1063 3010 ordenatione,
1084 2941 1133 2996 te·
1223 2965 1224 2984 i

122 3029 238 3094 uratur,
250 3027 303 3080 aut
318 3020 410 3098 possit
423 3029 548 3098 urgente
562 3021 695 3100 periculo
711 3019 816 3082 mortis
830 3020 978 3082 Viatiouna
987 3025 1133 3084 sumere?

122 3110 237 3172 Adsunt
255 3104 489 3166 trossententiae.

160 3193 267 3256 Primo
284 3188 427 3252 66666666
446 3187 707 3260 eminerammi,
731 3189 799 3268 qnia
818 3196 889 3248 tune
911 3187 1134 3265 suscipiendum
1223 3231 1224 3264 p

123 3280 324 3342 ostviatteum
345 3274 383 3336 ad
402 3273 588 3353 implendum
611 3283 794 3352 praeceptum
812 3273 966 3348 divinum3
987 3271 1063 3334 bano
1085 3281 1136 3334 te·
1223 3271 1224 3306 l

123 3372 174 3424 net
186 3365 280 3425 Dion.
291 3383 325 3446 p.
346 3365 376 3424 b.
391 3367 431 3424 tr.
446 3361 476 3421 b.
492 3377 520 3420 r.
533 3361 582 3420 55.
598 3377 665 3420 oum
684 3361 776 3420 Harl.
800 3361 889 3421 aaa.
911 3356 1020 3440 Oobop·
1039 3357 1132 3438 660.

123 3453 162 3509 tr..
177 3447 225 3504 il.
240 3465 266 3504 r.
278 3450 308 3506 6.
326 3465 392 3509 eum
404 3442 479 3508 rell.
494 3443 606 3506 66666.
619 3444 685 3505 Dio.
702 3451 754 3504 elo.
1223 3483 1224 3486 =

138 3526 291 3616 ’8666666
307 3530 452 3590 emulatio
460 3529 532 3589 dicit
542 3547 601 3589 666
613 3528 706 3590 teneri
720 3571 728 3600 ,
743 3527 793 3590 sed
804 3545 887 3608 posse
899 3527 1135 3607 eommuni'oara3

99 3617 106 3631 ·
122 3621 164 3661 sto
177 3611 278 3662 teuent
290 3611 379 3668 Roas.
393 3629 418 3668 o.
432 3613 462 3670 6.
475 3629 505 3692 q.
516 3615 547 3671 t.
557 3631 586 3671 r.
600 3614 629 3671 l.
642 3611 746 3673 Gubul.
759 3620 787 3673 el
796 3611 937 3674 61666666
946 3628 1003 3692 apa
1018 3613 1130 3678 36666.
