2450 3975
232 148 302 228 t'op.
316 147 347 209 a.
358 146 404 207 De
417 144 549 209 Eurbar.
564 153 602 209 ut
611 152 656 208 eet
667 146 856 228 aurificium.
867 149 947 213 Dub.
960 152 989 213 l.
1050 154 1102 217 lbi

89 249 232 323 labrare,
251 251 304 311 sed
330 249 448 311 tantum
466 250 625 328 aliquoties
648 250 680 310 iu
708 266 804 326 enno,
830 252 955 314 arbitrio
976 254 1108 333 pruden-

90 348 183 409 tum,
199 346 233 397 ut
246 333 340 397 Salm.
355 334 429 398 ibid.
441 355 475 397 n.
487 338 525 397 55
535 336 601 407 ‚vel
613 337 646 395 in
659 335 814 413 praecipuis
826 336 906 397 lestis
925 340 1044 401 Domini
1059 348 1108 415 ‚et

91 423 199 484 diebus
212 421 370 483 dominicis
381 466 390 492 ,
401 430 451 483 aut
460 423 564 483 saltem
577 422 669 481 semel
680 421 711 481 in
725 419 910 481 bebdomada
923 466 932 495 ,
944 432 978 485 ut
989 427 1102 487 Bonae.

133 507 238 568 Tertia
257 505 405 568 mutantia
429 505 522 579 dixit,
534 507 617 584 quod
633 524 671 567 ex
697 505 726 566 ri
749 502 897 583 parochiae
913 524 973 567 non
987 517 1106 573 tenetur

89 589 239 673 parochus
251 592 401 669 applicare
421 591 553 651 fructum
568 592 665 651 missae
680 590 846 669 specialiter
860 607 915 668 pro
933 592 1047 654 ovibus.
1062 597 1105 657 lta

88 674 161 736 Pal.
177 682 215 735 tr.
231 673 466 755 aucupante.
483 681 562 754 part.
573 676 623 734 lb.
634 695 666 736 n.
688 677 719 735 7.
733 692 800 735 cum
810 674 892 733 Nau.
905 674 997 737 Suae.
1013 680 1103 759 Vaaq.

89 758 236 822 Gonincb.
249 755 337 830 Nol,
347 766 400 819 eta.
412 760 485 819 item
499 762 574 838 Imp.
587 759 657 838 llep.
670 756 771 840 Stepb.
781 766 810 818 et
825 757 898 821 Gob.
910 759 994 841 apud
1005 760 1105 836 Croia,

87 846 141 923 qui
154 843 342 925 probabilem
361 851 448 920 putot
461 838 494 912 l.
512 844 542 902 5.
557 850 638 922 part.
660 844 689 903 b.
709 862 742 903 n.
766 845 835 904 tau.
854 844 940 905 Ratio
959 844 1104 923 istorum,

85 930 158 1008 quia
175 928 308 990 officium
324 928 419 987 curati
438 935 484 987 est
505 944 624 1005 pascere
639 944 708 987 oves
723 928 830 999 verbo,
846 929 1000 1006 exemplo,
1015 946 1107 991 sacra·

85 1022 266 1076 mentorum
290 1012 569 1085 administratione,
589 1021 621 1072 et
638 1012 772 1073 sacrificii
800 1013 1016 1091 dispensatione
1028 1036 1037 1092 ;
1049 1014 1106 1077 hoe

83 1110 191 1161 autem
214 1098 354 1158 dixerunt
374 1098 465 1172 fieri,
484 1096 509 1158 si
535 1096 610 1156 illud
632 1098 760 1176 generali
775 1097 892 1159 tantdm
911 1101 1106 1178 applicatione

82 1202 143 1263 pro
160 1182 304 1245 omnibus
323 1180 484 1254 fidelibus,
506 1189 538 1241 et
556 1182 705 1259 precipue
719 1182 959 1243 interessentibus
976 1186 1104 1262 applica·

82 1280 157 1340 tur,
174 1277 207 1328 et
222 1267 265 1348 ita
284 1274 464 1327 censuerunt
478 1265 707 1341 intelligendum
723 1282 785 1325 esse
796 1266 1015 1329 Tridentinum.
1030 1272 1105 1329 llinc

82 1353 261 1413 intulerunt
273 1369 329 1429 pro
350 1349 488 1411 omuibus
503 1350 562 1409 illia
584 1350 682 1410 missis
694 1366 778 1429 posse
798 1350 931 1428 quotidie
943 1352 1104 1432 parocbum

84 1440 226 1517 accipere
243 1436 442 1513 stipendium,
462 1435 520 1495 nisi
540 1442 640 1498 tamen
653 1452 689 1495 ex
708 1435 880 1495 laudatione
893 1480 902 1509 ‚
916 1447 968 1499 aut
982 1458 1103 1504 consue·

82 1522 219 1594 tudine,
233 1522 281 1581 rel
298 1520 413 1600 prelati
431 1530 578 1601 precepto
603 1520 675 1582 aliis
700 1528 836 1583 teneatur
848 1538 904 1601 pro
920 1527 1030 1603 populo
1057 1544 1103 1589 aa·

80 1608 232 1670 criticare.

120 1693 197 1759 525.
212 1722 251 1736 -
264 1688 378 1752 Verium
395 1688 483 1752 bodie
498 1709 535 1753 ca
546 1691 676 1771 Epistola
691 1691 838 1770 encyclica
850 1691 905 1751 SS.
916 1692 1011 1753 nostri
1025 1696 1101 1757 Pon·

82 1776 178 1837 tiliois
193 1774 304 1836 Beued.
318 1777 410 1838 XIV.
424 1776 502 1838 edita
518 1776 767 1853 dictampni
785 1777 873 1837 tlte.
890 1794 956 1853 quae
974 1777 1100 1857 incipite

83 1861 165 1921 Cum
181 1878 313 1942 semper,
328 1861 473 1922 sancitum
486 1860 648 1931 habemus,
669 1877 772 1920 omnes
785 1858 928 1939 parochos
942 1862 1035 1923 teneri
1049 1882 1101 1944 ap-

81 1946 200 2025 plicare
219 1943 338 2005 missam
358 1962 416 2024 pro
436 1947 548 2026 populo
568 1946 672 2006 saltem
691 1944 723 2005 in
744 1944 848 2008 diebus
867 1945 967 2025 testis,
986 1947 1099 2012 etiamsi

82 2047 251 2109 congruam
277 2047 340 2091 uon
361 2029 508 2103 habeant,
532 2029 579 2091 lais
600 2029 700 2092 verbis
714 2053 723 2090 a
738 2034 803 2093 lata
822 2049 904 2093 mene
927 2041 1049 2108 nostra,
1072 2041 1102 2096 et

81 2113 234 2174 sententia
254 2121 316 2190 eat,
334 2113 425 2176 sicuti
444 2119 534 2177 etiarn
557 2113 671 2196 dunen
692 2113 922 2199 dproelaudatis
943 2135 1099 2200 conprepa·

83 2197 220 2260 tionibua
222 2197 393 2280 judicatum
402 2196 480 2280 fuit,
488 2219 524 2260 oc
533 2199 688 2280 definitum
695 2243 705 2274 ,
716 2198 795 2282 qued
808 2217 923 2274 omnes,
933 2201 1097 2280 eteinpuli,

81 2283 141 2363 qui
163 2292 234 2344 actu
255 2285 429 2346 naimonem
449 2303 553 2346 euram
569 2291 718 2362 exercent,
730 2293 757 2346 et
771 2303 832 2346 non
845 2280 940 2344 solum
956 2286 1097 2368 parocbi,

83 2378 141 2431 aut
158 2369 267 2430 vicarii
281 2369 454 2448 aoemlares,
482 2371 586 2432 uerum
607 2374 737 2432 etiam...
753 2365 938 2452 repelares...
957 2373 1040 2450 aqui
1059 2382 1099 2434 te-

82 2453 346 2516 ocanturmisaam
353 2453 553 2536 parochialem
566 2454 717 2534 (omuibus
732 2454 837 2514 diebus
853 2455 954 2527 sestis,
974 2463 1008 2514 ut
1023 2457 1098 2520 inlrd

83 2535 241 2619 applicare
261 2557 317 2618 pro
331 2537 442 2621 populo
458 2543 591 2622 ipsorum
602 2556 683 2600 aura
699 2538 862 2599 commisso.

122 2627 163 2683 Et
178 2622 249 2701 qnia
268 2624 318 2683 alii
343 2624 509 2704 allegabant
527 2643 588 2685 nou
610 2623 720 2684 habere
738 2638 882 2697 congruos
899 2619 1028 2696 reditus,
1047 2625 1097 2688 alii

82 2706 223 2769 dicebant
245 2709 423 2769 contrariom
439 2708 547 2770 alicubi
565 2725 627 2768 esse
644 2704 886 2767 consuetudinem
900 2726 908 2764 :
924 2705 987 2767 Noa
999 2716 1098 2772 auum

84 2791 140 2868 (sic
155 2793 319 2870 praescribit
336 2802 368 2853 et
379 2795 515 2871 loquitur
527 2791 673 2870 Pontifex)
689 2789 729 2851 ad
746 2789 937 2871 procedentes
949 2793 1097 2873 praedicta

81 2874 320 2956 conprepatiom‘a
331 2875 449 2940 concilii
459 2874 649 2938 resolutiones
663 2883 797 2938 nostrane
817 2875 1057 2956 approbationem
1069 2889 1098 2942 et

82 2958 339 3036 confirmationem
359 2961 565 3038 extendimus3
583 2969 614 3022 et
631 2960 777 3042 quatenus
797 2978 871 3042 opus
887 2959 947 3033 sit,
967 2961 1096 3022 auctori-

83 3049 147 3102 tate
158 3041 320 3124 apoetole‘cd
329 3046 438 3106 iterum
450 3053 548 3106 tenore
555 3047 748 3127 praesentium
759 3044 940 3106 decernimus
946 3089 955 3120 ,
965 3052 993 3103 et
1001 3041 1095 3104 decla

82 3143 205 3198 ramus,
222 3127 318 3206 quid,
338 3126 405 3190 ticet
422 3128 566 3210 parochi,
580 3147 631 3190 seu
648 3128 705 3191 alii
713 3177 723 3208 ,
746 3138 781 3190 ut
797 3131 938 3210 supra...,
958 3127 1095 3206 conpruia

82 3209 224 3272 reditibus
241 3210 462 3285 destituantur,
483 3216 619 3294 quamuis
640 3211 869 3276 immemorabili
890 3209 1096 3272 consuetudine

83 3292 118 3354 in
143 3312 245 3355 eorum
273 3295 422 3374 parochiis
441 3296 620 3376 obtinuerit,
645 3306 681 3360 ut
703 3299 796 3358 missa
820 3313 875 3376 pro
900 3291 1009 3373 populo
1034 3313 1095 3356 non

84 3375 296 3458 applicaretur,
310 3378 412 3440 cadem
423 3377 617 3444 nibilominus
629 3381 750 3443 ornaind
762 3379 797 3439 in
810 3375 958 3458 posterum
969 3377 1007 3440 ab
1021 3377 1095 3459 ipsis

83 3461 185 3525 debeat
201 3461 362 3544 applicari.
440 3529 443 3539 ‚

122 3551 164 3608 Bt
178 3550 318 3630 quamuis
336 3548 477 3630 (additur)
496 3547 604 3612 elidad
615 3547 836 3630 conprepatione
848 3545 963 3612 concilii
974 3567 1093 3632 reapon-
