2450 3975
193 209 509 297 Capaneaque.
523 215 559 271 ut
573 215 617 271 est
635 202 823 291 sucrificium.
838 212 915 274 000.
929 215 958 273 b.
1026 203 1085 276 110

79 314 198 382 0010001
208 315 331 378 cautere
340 320 539 396 0101010001.
555 313 598 374 lix
610 329 670 390 quo
683 321 762 392 patet
772 314 871 376 salsam
883 333 945 377 esse
956 316 1086 396 primam

78 405 266 477 sententiam,
278 419 394 462 necnon
406 399 575 478 opinionem
588 395 755 475 Pellizarii,
766 400 908 462 etRcuzii
919 402 1085 466 dicentium

79 490 153 551 hanc
170 489 280 550 bullam
297 503 357 546 non
370 485 500 563 obligare
516 484 571 544 sub
584 485 686 562 gravi,
702 483 832 562 eoquod
850 487 880 546 in
897 487 956 565 ipsa
968 485 1084 549 tannim

79 582 192 636 vetetur
209 571 342 633 inductio
359 571 427 631 novi
441 569 533 643 ritirs,
547 587 608 629 non
624 579 723 630 autem
736 571 880 642 mutatio,
895 582 946 633 aut
959 575 1083 636 variatio

79 658 317 718 caeremoniarum
329 655 377 714 vel
389 671 510 734 precum
520 675 528 712 a
540 671 609 713 nam
625 653 704 714 bulla
719 653 829 733 duplex
842 655 963 734 quidam
976 675 1084 735 pracce-
1111 671 1113 677 ’

78 748 162 820 ptum
176 741 326 810 continet,
342 747 372 800 et
391 740 496 814 utique
508 755 597 818 grate
614 736 694 819 (cum
716 741 869 819 praecipiat
886 739 1037 814 districte,
1056 749 1085 804 01

79 826 111 886 iu
127 825 236 888 uirtute
259 831 369 887 sonate
388 822 587 902 obedientie),
602 841 698 884 unum
714 825 753 886 de
774 843 835 886 non
855 826 997 887 addendis
1020 828 1085 888 aliis

78 911 277 981 ceremoniis,
296 921 327 970 et
348 910 412 969 aliis
430 908 567 986 precibus
593 925 655 969 non
677 910 853 984 recitandis,
878 920 985 990 praeter
1005 929 1085 991 prae·

76 997 198 1074 scriptas
211 996 244 1055 in
256 995 384 1056 Missali:
402 994 528 1053 alterum
540 993 578 1052 dc
594 992 770 1056 celebrando
789 995 873 1072 juxta
889 998 1000 1068 ritum,
1020 1013 1086 1057 uto·

75 1079 144 1142 duna
155 1079 250 1160 (nota)
263 1087 292 1139 01
307 1096 445 1142 ammom
458 1076 605 1139 Misaaita.
617 1079 662 1140 Ad
680 1079 800 1140 modum
820 1088 851 1140 et
862 1097 999 1142 normam
1013 1081 1086 1158 qui·

74 1163 696 1243 0000000101,000001001000000010010
715 1164 747 1222 10
769 1164 875 1225 blissali
891 1167 1080 1245 praescriptae.
1133 1201 1134 1204 =

111 1251 183 1310 100.
194 1281 233 1294 -—
246 1247 331 1308 llnde
349 1247 429 1308 rectia
440 1248 483 1308 ait
499 1247 589 1308 droia
600 1249 718 1308 01110.
734 1251 901 1328 oumPaaq.
921 1268 981 1312 non
993 1267 1082 1310 arcu·
1133 1253 1147 1314 Τ.

73 1335 129 1393 sari
146 1332 285 1394 braniali
305 1332 486 1394 sacerdotem
505 1332 556 1410 qui
577 1332 689 1393 omittit
707 1331 925 1394 benedictiones
937 1377 946 1404 ,
958 1334 1083 1394 inclina·

72 1417 190 1494 tiones,
205 1415 444 1496 genuflexiones,
459 1424 514 1478 etc.
534 1415 578 1477 uti
593 1416 827 1496 praescribuntur
846 1419 877 1478 10
894 1418 1032 1478 Rubriae.
1045 1421 1083 1480 ut

72 1502 150 1564 idom
180 1503 275 1562 sentio
303 1519 371 1561 com
387 1503 474 1564 Caua.
487 1521 521 1584 p.
537 1503 605 1564 500.
619 1521 652 1562 0.
668 1503 698 1563 1.
713 1501 751 1562 00
766 1520 802 1563 00
817 1503 869 1580 qui
893 1504 1083 1564 advertentes·

74 1607 135 1650 non
153 1585 327 1667 genuflectit
344 1588 491 1666 usquead
512 1598 641 1660 terram,
656 1589 704 1649 vel
718 1587 834 1650 tantdm
854 1589 950 1669 signat
963 1591 1083 1652 deoscu-

72 1673 126 1733 lari
146 1673 317 1745 altarc,vel
336 1673 491 1750 perturbat
508 1675 727 1734 benedictiones
745 1675 991 1740 contrallubricae
1004 1694 1083 1753 prae·

72 1759 227 1837 scriptum.
239 1759 315 1816 ltem
331 1758 404 1818 dicit
418 1759 508 1819 Croiu
517 1758 589 1819 ibid.
607 1776 674 1818 curu
685 1761 848 1838 Paaq.esse
862 1759 975 1818 veniale
987 1760 1082 1820 iacere

71 1859 104 1902 ea
124 1843 216 1904 nimis
237 1841 393 1914 celeriter,
406 1843 453 1900 vel
471 1842 1081 1922 0100000101.0001000011000111110

71 1927 190 1989 addunt
206 1925 293 1987 Cone.
310 1923 383 1989 ibid.
399 1927 476 2010 Wiq.
488 1935 573 1989 tract.
586 1929 636 1989 lb.
649 1947 682 1989 a.
702 1928 751 1989 75.
770 1929 858 1990 Graia
870 1925 891 1991 b.
905 1946 930 1990 e.
948 1931 1076 1993 etRouc.

70 2030 94 2073 c.
106 2014 137 2073 5.
149 2028 204 2091 qu.
219 2012 250 2072 b.
262 2009 297 2071 iu
310 2010 386 2091 siue,
400 2029 486 2090 posse
501 2031 565 2074 esse
579 2016 670 2075 etiam
686 2014 830 2087 mortale,
846 2015 870 2075 si
887 2016 953 2093 quis
965 2014 1017 2077 has
1029 2036 1080 2078 cae·

70 2097 239 2168 romaniae,
260 2105 323 2155 esto
344 2115 380 2157 cx
400 2099 601 2177 morionibus,
620 2098 770 2161 omitteret
792 2100 824 2159 in
841 2102 965 2162 notabili
981 2112 1079 2179 parte.

71 2181 146 2241 ilinc
167 2179 362 2261 probabiliter
387 2192 521 2263 ruerunt
538 2182 719 2265 Raucaqiiu,
744 2185 854 2260 Quarti
866 2204 901 2265 p.
916 2188 945 2246 1.
963 2186 1009 2246 111.
1030 2190 1077 2249 10.

68 2282 101 2345 p.
119 2267 150 2326 11.
175 2264 242 2343 diff.
265 2266 294 2327 5.
319 2273 348 2326 01
357 2268 452 2348 Puaq.
465 2285 495 2349 q.
516 2270 565 2330 19.
583 2288 617 2329 a.
635 2272 665 2333 7.
686 2286 748 2329 non
770 2268 900 2329 excusari
922 2266 939 2329 d
961 2272 1078 2333 mortali
1174 2334 1181 2345 „

70 2348 249 2411 sacerdotem
263 2350 462 2413 absolventem
473 2355 595 2414 Sacrum
607 2355 683 2414 inlra
697 2354 910 2431 quadrantem,
923 2350 1080 2432 bquonon

69 2434 189 2495 ridetur
211 2433 369 2497 dissentire
382 2436 486 2498 Gabat.
503 2456 568 2519 cop.
582 2440 633 2498 att.
647 2456 678 2499 0.
697 2440 766 2499 etl.
790 2439 890 2499 dicens
913 2456 974 2499 non
994 2456 1079 2517 posse

71 2520 147 2580 10100
166 2520 361 2598 quadrantem
382 2521 488 2599 perlici·
502 2524 621 2584 missam
642 2525 706 2585 sine
724 2524 826 2585 multis
848 2524 1078 2601 imperfectioni·

70 2603 135 2666 bus.
149 2605 235 2665 Unde
252 2604 360 2667 meritb
372 2606 412 2665 ait
422 2604 584 2687 Raucaqbio
594 2626 662 2669 curu
675 2608 800 2685 Quarti,
816 2615 844 2668 et
857 2610 949 2689 Pasq.
960 2609 1078 2686 Episco-

71 2706 122 2767 pus
134 2699 165 2751 et
186 2691 322 2768 praelatos
333 2692 534 2769 regularium,
552 2693 648 2754 teneri
667 2694 817 2772 subgravi
831 2702 949 2773 turpem
962 2692 1077 2759 hanuet

70 2775 269 2835 scandalosam
281 2776 461 2836 celeritatem
475 2778 634 2857 extirpare.
651 2780 687 2838 Et
700 2778 737 2837 alt
749 2778 804 2839 hoc
820 2788 904 2841 reatu
920 2798 1077 2843 nonancu-

70 2860 126 2919 sari
140 2904 148 2934 ‚
164 2858 244 2921 recte
262 2870 475 2939 consequenter
493 2862 535 2921 ait
560 2865 647 2924 Gaea.
664 2882 706 2943 p..
723 2866 791 2925 109.
812 2882 895 2926 uuus.
919 2868 948 2927 1.
968 2868 1020 2947 qui
1039 2884 1076 2929 ex

70 2960 163 3005 crassa
179 2944 357 3022 negligentia
377 2964 439 3007 non
460 2954 546 3007 curat
564 2949 753 3009 ceremonias
779 2948 936 3012 addiscere.
956 2952 1077 3031 Optime

71 3025 139 3088 hinc
157 3028 243 3089 docet
256 3025 405 3091 Benediat.
416 3032 506 3095 XIV.
521 3031 622 3113 Notis.
647 3034 695 3094 50.
715 3052 768 3096 uta.
792 3038 839 3097 50.
857 3054 924 3097 cum
947 3036 1075 3111 Quarti,

73 3110 256 3173 00000100.
278 3115 380 3187 Biaao,
398 3112 856 3193 01000100001000001,
879 3122 998 3181 missam
1014 3137 1075 3181 non

72 3192 236 3259 breviorem
252 3199 383 3271 triente,
403 3216 458 3259 nea
469 3200 634 3281 longiorem
651 3204 774 3266 dimidia
787 3204 860 3266 hord
870 3202 978 3264 dehere
993 3220 1075 3281 000ος

72 3279 139 3354 quia
156 3280 286 3343 breviori
301 3284 396 3361 spatio
413 3301 473 3344 non
485 3297 607 3364 possunt
626 3290 725 3351 omnia
736 3288 837 3352 debito
849 3288 1073 3371 dacoreperagi,

73 3370 102 3423 et
116 3364 260 3443 longiori,
272 3367 362 3427 tedio
378 3378 455 3429 asset
468 3370 664 3433 adstantibus.

109 3449 186 3513 Iliae
199 3450 326 3513 dicimus
341 3452 502 3515 difficulter
516 3475 600 3536 posse
614 3459 744 3517 excusari
765 3456 782 3515 a
802 3455 919 3517 mortali
940 3457 1076 3521 sacerdo·

73 3538 130 3593 tem
140 3575 149 3605 ‚
161 3536 213 3611 qui
231 3534 307 3595 infra
328 3537 520 3614 quadrantem
535 3542 654 3599 missam
664 3539 828 3615 absolveret
840 3583 847 3611 ,
858 3540 971 3601 etiamsi
987 3542 1073 3604 missa
1136 3584 1139 3589 -

74 3616 110 3677 ait
127 3633 164 3677 ex
183 3618 389 3697 breviaribus,
407 3622 454 3683 vel
468 3622 507 3688 da
522 3625 552 3684 S.
570 3622 863 3699 ueracissimae,
883 3624 951 3701 quio
967 3619 1074 3685 intem
