2450 3975
234 161 307 240 Cop.
319 158 348 218 ὅ.
358 159 404 218 Do
417 153 550 216 Euclea.
561 160 596 215 ut
605 162 649 216 est
658 153 848 236 sacrificium.
858 156 938 220 uae.
952 159 982 218 5.
1062 160 1119 222 965

109 263 200 343 pulos
209 277 313 320 vocem
327 257 445 329 audiat,
461 257 514 317 sed
526 255 660 320 sufficere
670 265 703 316 ut
716 256 861 318 adstantes
874 259 998 331 attenti,
1014 275 1121 338 nempe

109 348 161 428 qui
183 342 276 424 prope
290 353 360 410 sunt
376 343 414 411 ad
426 343 540 416 altare,
569 341 722 421 percipere
746 341 864 410 valeant
883 362 949 421 quae
967 344 1118 422 leguntur.

148 433 219 494 tid.
238 461 279 477 -
297 429 458 497 Dubitatur
482 429 510 487 5.
536 424 584 488 An
597 426 637 486 sit
659 427 783 486 mortale
810 425 868 486 alte
888 428 1031 501 recitare,
1052 447 1119 506 quaa

106 512 250 584 submisse
263 511 385 578 dicenda
404 515 494 572 sunt?
505 510 710 571 Communiter
725 499 828 571 dicunt
850 513 915 571 DD.
928 513 1043 584 nullum
1058 530 1120 572 esse

105 608 276 680 peccatum,
296 598 321 657 si
333 593 452 656 verbab
467 596 537 656 solis
550 595 695 657 ministris
714 595 891 672 audiantnr3
914 595 954 655 ita
974 598 1012 656 Ρ.
1031 597 1117 657 Cone.

103 707 138 768 p..
152 687 220 747 aot.
240 700 273 742 tt.
290 684 320 742 7.
340 683 417 753 Gan,
433 698 465 760 p.
486 683 515 740 l.
540 679 587 747 tit.
601 682 632 741 6.
658 678 702 740 tit.
714 698 744 762 p.
759 687 787 740 et
799 681 888 742 Croiao
907 699 940 740 tt.
964 681 1034 740 tto.
1052 701 1119 742 curn

105 769 181 836 Gob.
195 771 370 828 Econverso
387 773 492 843 putant
503 766 578 826 Gau.
592 760 614 824 1.
625 782 650 824 c.
664 773 692 823 et
703 764 812 840 Quarti
823 783 854 846 p.
873 766 902 825 l.
917 763 964 825 tit.
980 767 1029 826 16.
1046 763 1117 828 dut.

105 857 135 915 1.
156 867 276 931 peccare
288 850 454 910 mortaliter
466 891 475 918 ‚
488 849 540 926 qui
559 849 630 928 legit
654 848 729 912 elota
742 858 934 920 ¹vocetotunt
954 868 1117 923 carnonam,

102 938 152 998 vel
168 945 202 1003 ut
214 934 298 994 addit
313 931 423 1008 Quarti
441 932 607 994 notabilem.
619 943 733 1010 partem
749 931 812 1010 ejus
824 977 833 1004 ‚
846 943 895 994 aut
912 935 1038 994 aliarum
1050 952 1118 1015 pre·

103 1041 174 1085 cum
193 1038 259 1097 quae
276 1015 421 1079 submisse
442 1017 561 1085 recitari
588 1016 709 1084 debent.
734 1015 820 1079 Ratio
839 1020 885 1096 (ut
903 1017 1027 1096 dicunt),
1052 1017 1117 1080 tum

102 1107 175 1184 quia
192 1104 258 1164 haec
274 1109 457 1164 sacrosancta
472 1102 562 1162 verba
586 1102 755 1162 assiduitate
775 1103 893 1164 aurium
916 1104 1089 1164 vilescerent
1107 1125 1116 1178 ς

102 1191 171 1253 tum
191 1191 260 1267 quia
282 1188 416 1248 sacerdos
435 1187 478 1246 sic
500 1185 762 1265 verbaaproterens
787 1188 939 1253 videretur
961 1190 1037 1248 velle
1062 1207 1118 1250 uo·

99 1293 176 1334 vum
191 1275 285 1339 ritum
301 1272 461 1346 inducere,
475 1269 708 1349 ideoque'sacild
726 1289 762 1331 ex
775 1269 830 1332 hoc
846 1279 1017 1350 contemptu
1033 1292 1116 1334 scan-

101 1359 206 1423 delum
218 1359 359 1420 oriretur.
386 1358 422 1425 Et
450 1356 595 1425 consentit
618 1354 708 1416 Croto
731 1356 828 1436 quoad
855 1356 944 1416 verba
966 1375 1117 1416 consecra·

100 1442 213 1513 tionis,
227 1443 295 1519 quia
316 1441 444 1519 populus
456 1441 502 1516 (ut
519 1439 584 1518 ait),
598 1440 717 1508 sciendo
737 1439 825 1500 verba
842 1440 912 1510 illa,
928 1439 1116 1518 postmoddm

99 1525 232 1594 temere,
246 1535 277 1585 et
291 1525 329 1585 ad
346 1524 428 1602 jocos
446 1525 557 1586 eisdem
570 1534 716 1590 uteretur.
734 1525 848 1594 Deinde
866 1526 969 1586 asserit
987 1544 1117 1588 commu·

100 1629 173 1671 ncm
192 1627 253 1680 csse
266 1611 463 1690 sententiam,
481 1627 543 1673 esse
561 1607 679 1671 tantdm
699 1611 814 1671 veniale
828 1618 836 1681 ‚'
855 1611 879 1672 si
894 1611 1012 1695 praelata
1026 1611 1114 1670 verba

99 1694 331 1764 consecrationis
345 1693 504 1754 audiantur
524 1693 642 1757 tannim
671 1693 708 1754 ad
724 1695 802 1754 dvel
822 1697 841 1754 8
861 1712 976 1774 passus3
991 1695 1115 1754 mortale

98 1778 191 1858 verb,
212 1781 238 1839 si
266 1778 303 1838 ad
326 1781 377 1838 to.
402 1778 459 1838 Sed
478 1778 541 1857 ipse
560 1786 659 1838 censet
678 1796 739 1838 esse
760 1781 886 1840 mortale
906 1779 996 1838 ctiam
1019 1779 1055 1840 ad
1077 1783 1115 1844 10

99 1873 224 1947 passus,
237 1864 262 1922 si
277 1865 356 1922 intra
371 1863 430 1932 tale
440 1863 568 1939 spatium
587 1863 693 1938 magna
714 1882 782 1940 pars
797 1865 899 1943 populi
920 1863 1019 1941 adest;
1035 1867 1114 1942 quod

99 1959 202 2019 tamen
215 1950 253 2011 P.
269 1949 428 2017 Conopon
443 1945 532 2007 audet
545 1946 721 2026 approbare.
736 1949 838 2009 Dicam
863 1950 938 2009 circa
959 1947 1020 2010 hacc
1033 1951 1113 2029 quod

98 2033 354 2105 sontioallullom
368 2030 494 2091 dubium
520 2050 580 2091 non
600 2050 683 2109 posse
704 2034 837 2093 excusari
860 2031 877 2093 d
904 2034 1032 2108 veniali,
1060 2036 1112 2113 qni

99 2118 161 2181 nltd
178 2119 210 2179 in
227 2118 315 2177 missa
336 2117 449 2193 proscrt
469 2134 535 2195 quae
551 2114 698 2177 submisse
719 2117 842 2177 dicenda
868 2128 957 2189 sunt,
981 2116 1049 2178 crim
1075 2120 1113 2180 sit

99 2214 204 2270 contra
222 2201 400 2272 Rubrium,
417 2219 483 2284 quae
502 2195 640 2279 utsupra
666 2202 850 2279 praescribit,
869 2211 902 2262 ut
927 2201 1059 2261 sacerdos
1083 2220 1113 2265 se

99 2286 224 2359 earlier,
238 2293 268 2343 et
288 2288 308 2344 d
325 2284 584 2346 circumstantibus
608 2302 670 2343 otoo
701 2284 854 2346 audiatur.
875 2284 969 2345 Facile
992 2285 1112 2365 insuper

79 2374 273 2445 ¹assentirem
287 2386 370 2448 posse
388 2386 507 2453 peccare
527 2369 712 2441 mortaliter,
736 2372 788 2443 qni
807 2370 896 2429 verba
918 2372 1112 2433 consecratio·

99 2456 205 2517 nisvcl
222 2454 342 2515 canonis
354 2454 387 2512 in
401 2470 506 2531 magna
527 2462 612 2531 parte
626 2462 686 2512 tam
708 2450 766 2513 alte
788 2455 949 2531 proferret,
963 2461 998 2512 ut
1015 2456 1110 2517 audiri

99 2548 220 2620 possent
238 2538 276 2597 ad
288 2539 328 2597 tu
339 2555 459 2615 passus3
472 2536 521 2598 hio
534 2538 616 2603 enim
633 2545 704 2599 tunc
720 2537 841 2598 deberet
855 2547 919 2599 toto
934 2546 1040 2598 conatu
1059 2558 1111 2599 vo·

99 2643 165 2685 cem
185 2624 299 2684 elevare
312 2666 320 2684 .
335 2631 370 2682 ut
380 2621 417 2682 ad
434 2622 493 2682 500
511 2620 573 2683 fere
586 2622 699 2698 palmos
719 2622 856 2681 audiatur
870 2630 900 2681 et
917 2620 975 2681 hoc
996 2622 1112 2683 vidore·

97 2721 151 2771 tur
166 2701 255 2788 grave
275 2707 467 2779 scandalum,
491 2709 607 2785 sapiens
631 2704 732 2765 revera
750 2706 879 2784 aliquem
907 2714 1110 2789 contemptum

96 2794 260 2858 vorborum
277 2800 308 2851 et
326 2790 412 2851 ritds.
430 2789 488 2854 Sed
504 2792 570 2869 quis
589 2792 646 2852 nisi
670 2800 770 2851 mente
786 2799 887 2871 captus
905 2790 961 2853 hoc
980 2794 1110 2855 lactarus

96 2883 170 2941 cst?
186 2880 276 2937 Extra
289 2885 388 2936 autom
401 2875 482 2937 buno
501 2894 620 2949 casum,
642 2894 798 2955 agnoscere
817 2894 877 2937 non
894 2878 977 2941 valeo
999 2880 1032 2939 in
1054 2877 1110 2940 boc

93 2980 188 3042 grave
204 2970 373 3041 peccatum,
393 2958 461 3021 ciam
490 2962 619 3022 rationes
647 2958 741 3021 allatae
767 2961 891 3024 minime
914 2965 1106 3025 convincant:

96 3066 159 3108 non
176 3049 256 3107 caim
274 3044 362 3106 video
379 3045 459 3105 unde
485 3046 558 3105 oriri
580 3048 673 3127 possit
691 3047 722 3106 in
744 3046 800 3108 hoo
816 3066 905 3127 grave
920 3048 1107 3120 scandalum,

95 3132 263 3212 praesertim
275 3132 300 3190 si
319 3130 470 3190 celebrans
489 3130 594 3193 devote
608 3132 697 3192 verba
712 3133 856 3211 proferat:
872 3152 927 3192 nec
938 3149 1060 3191 moveor
1073 3148 1109 3191 ex

97 3234 150 3288 eo,
164 3216 233 3293 quia
251 3214 341 3275 verba
354 3211 405 3274 illa
421 3216 610 3292 vilescerent,
625 3227 676 3277 aut
698 3217 849 3277 audientes
862 3214 974 3276 temere
993 3216 1029 3273 iis
1043 3224 1108 3273 ute·

96 3308 222 3376 rentur,
247 3299 361 3359 namsi
386 3297 443 3360 hoc
472 3310 563 3375 osset,
584 3302 674 3361 etiam
706 3301 890 3379 evangelium
906 3300 938 3358 S.
961 3299 1106 3371 loannis,

95 3382 178 3465 quod
189 3382 301 3466 dicitur
317 3382 449 3461 quotidie
462 3426 470 3455 ‚
481 3401 519 3443 ne
532 3384 685 3445 vilesceret
700 3427 708 3457 ,
721 3384 832 3443 secretd
845 3382 903 3442 dici
921 3381 1053 3447 deberet.

134 3476 204 3539 117.
226 3507 265 3521 --
289 3498 303 3526 ιι
323 3477 352 3533 li.
374 3468 488 3535 Mutare
503 3475 641 3548 missam,
656 3484 686 3533 et
706 3474 754 3533 die
778 3473 927 3533 dominico
941 3516 950 3547 ,
964 3475 1011 3534 vel
1034 3475 1107 3537 sesto

93 3581 109 3612 a
134 3556 266 3636 duplici,
286 3575 315 3617 v.
329 3575 360 3638 g.
380 3557 427 3621 vel
453 3558 489 3619 iis
508 3558 630 3631 diebus,
659 3556 767 3634 quibus
791 3554 965 3635 prohibetur
988 3558 1052 3619 lieri
1068 3560 1106 3619 de
