2450 3975
124 193 186 263 666
377 193 444 258 tib.
457 197 489 257 6.
505 197 602 259 tract
613 195 644 258 5.
652 195 696 258 De
702 193 903 256 Eucharistto.

123 295 230 361 ibidem
241 301 374 368 6161616,
386 295 495 378 ubique
507 303 678 358 muctare
692 293 796 357 addito
811 295 901 358 etiam
916 293 1141 378 prohibitione,

123 400 163 444 iu
182 381 217 444 iu
231 381 361 462 punctis
377 379 561 466 6666166166
582 379 663 444 cellis
678 427 687 455 ,
701 399 754 444 seu
774 379 915 444 cubiculis
931 384 1065 464 cripctuc
1091 381 1146 444 ul-

124 475 188 529 tace
204 485 262 551 pcc
280 485 313 528 rc
330 485 416 530 cacco
432 465 620 549 sancasio...
635 471 747 530 remota
769 470 952 552 quicuncque
965 469 1000 529 iu
1016 475 1146 530 coutro-

122 551 204 614 ciuuc
219 551 436 616 cousuetudine.

120 693 124 699 ·
165 652 237 716 561.
258 687 296 701 -
321 654 421 714 allisi
444 676 453 714 c
479 671 541 718 666
555 649 692 732 6161616,·
714 652 785 733 quia
810 654 841 716 in
863 652 987 716 Ecclesia
1012 649 1146 716 intericis

123 764 138 796 s
164 739 288 814 violata,
316 739 373 800 nisi
395 737 478 818 priris
508 741 740 812 reconcilietur,
765 757 826 801 666
846 740 947 801 licebit
971 739 1026 799 sub
1051 741 1142 816 gravi

124 847 140 879 a
166 832 284 904 peccato
297 869 305 897 ‚
318 833 353 884 ut
372 825 476 905 caym.
499 822 522 885 l.
540 827 571 886 b.
595 832 618 886 t.
645 827 675 886 6.
697 843 724 888 6.
746 826 776 886 b.
791 843 824 886 u.
838 827 870 887 7.
891 829 933 886 ’66
948 825 1027 885 Nau.
1043 825 1142 884 Suar.

125 933 140 964 a
166 911 253 972 Gouc.
280 916 333 972 etc.
352 911 409 970 nisi
426 911 458 970 ia
478 912 669 986 necessitate,
688 929 757 972 cum
777 912 864 970 venia
883 911 1016 989 Episcopi
1038 909 1087 988 (si
1111 909 1141 968 is

125 994 238 1058 indici
254 996 365 1074 possit,
379 995 511 1074 alioquin
528 996 592 1059 sinc
606 1015 641 1056 ea
653 1041 667 1070 ,
677 1005 710 1056 ut
722 994 812 1056 habet
825 994 914 1056 Cord.
928 993 962 1056 cle
982 997 1062 1076 Lupo
1075 991 1099 1053 l.
1109 1012 1139 1052 c.

125 1106 141 1138 a
163 1099 196 1143 u.
211 1081 273 1156 65.)
286 1080 455 1154 celebrare,
469 1090 521 1142 aut
538 1093 672 1143 mortuos
687 1081 822 1160 sepelire.
833 1107 846 1133 a
865 1081 927 1158 (lto
944 1075 1139 1141 etioucSaloc.

125 1174 164 1228 tr.
178 1169 208 1228 b.
221 1187 248 1229 c.
263 1169 293 1227 b.
304 1185 339 1249 p.
354 1169 382 1228 2.
402 1186 436 1228 u.
458 1168 508 1227 61.
522 1185 590 1227 cuuc
610 1170 714 1248 Eupo,
733 1173 762 1226 et
773 1163 885 1228 Pbilib.
907 1163 1070 1226 Necessitas
1087 1182 1145 1222 ou.

124 1259 183 1313 uu
204 1247 353 1333 sufficiens
369 1260 519 1322 censetur,
540 1252 568 1312 si
583 1249 712 1334 populus
730 1267 791 1310 666
815 1247 901 1312 babet
926 1244 1019 1308 aliam
1038 1243 1145 1308 Eccle-

123 1338 202 1399 sium
214 1382 224 1408 ,
238 1335 292 1400 ubi
311 1337 434 1399 66166666
456 1335 615 1398 audictsi
627 1337 694 1398 cccci
713 1331 840 1396 Ecclesia
853 1331 1007 1414 polluatur
1024 1331 1143 1412 incepto

128 1423 264 1498 Conone,
278 1420 412 1483 sacerdos
431 1419 535 1503 utiqtu
557 1420 681 1481 missam
697 1420 837 1501 prosequi
851 1417 943 1481 debet.
963 1413 1138 1484 Pal-Suus.

127 1505 233 1568 Couiu.
246 1507 352 1586 leym.
362 1523 430 1566 cum
448 1504 540 1566 Salsu.
556 1503 629 1567 ibid.
644 1505 677 1564 iu
690 1503 761 1585 liu.)

163 1607 336 1682 Quantus,
358 1625 398 1667 an
415 1601 565 1668 celebrans
590 1606 623 1666 16
644 1605 770 1668 Ecclesia
800 1606 912 1686 polluta
930 1605 1065 1670 incurrat
1082 1613 1139 1674 ali-

126 1711 217 1776 quam
234 1697 373 1773 poeaamt
393 1689 473 1774 Syia.
498 1711 528 1753 6.
552 1691 753 1768 consecratio,
776 1691 805 1752 2.
820 1709 850 1772 q.
871 1693 902 1751 6.
923 1691 1136 1758 laertium.

126 1800 152 1843 6.
174 1781 223 1841 66.
241 1797 272 1859 q.
289 1781 337 1840 16.
350 1784 379 1840 ct
401 1778 592 1860 66666166.
620 1785 673 1838 etc.
690 1794 741 1856 op.
754 1775 858 1838 Escob.
876 1773 928 1837 lib.
944 1780 994 1838 21.
1019 1798 1051 1840 a.
1067 1782 1138 1851 566.

126 1865 231 1925 dicunt
248 1865 402 1923 incurrere
422 1864 645 1943 suspensionem
661 1861 698 1922 ab
726 1862 858 1942 ingressu
882 1861 1033 1935 Ecclesiae,
1053 1883 1089 1927 ex
1110 1887 1140 1930 c.

126 1947 342 2029 Episcoporum
360 1946 397 2009 tc
414 1945 523 2010 Priuil.
537 1950 571 2009 iu
588 1950 620 2009 6.
632 1947 683 2007 661
700 1947 879 2007 celebrantes
905 1947 937 2007 in
952 1949 1023 2011 locis
1045 1951 1140 2015 inter·

125 2032 212 2092 dictis
231 2033 277 2108 (ut
297 2031 339 2089 ibi
356 2032 477 2108 dicatur)
492 2030 658 2113 inpressum
672 2030 809 2093 Ecclesice
823 2030 882 2093 sibi
897 2032 1034 2095 uoueriut
1045 2038 1141 2099 iuter-

125 2114 246 2177 ciictum.
267 2114 325 2175 Sed
349 2125 459 2194 negant
482 2114 665 2194 probabilibs
683 2117 773 2175 Suur.
794 2114 825 2176 cl.
843 2119 892 2177 81.
906 2125 974 2177 sect.
989 2122 1139 2201 1666666.

124 2219 193 2282 cap.
205 2202 234 2262 6.
251 2220 284 2261 6.
301 2202 331 2261 6.
342 2202 425 2281 Lupo
444 2199 474 2262 t.
485 2202 535 2261 20.
549 2219 582 2261 6.
599 2203 647 2261 bi.
673 2199 785 2263 Bouccl.
799 2204 891 2263 XIV.
903 2200 938 2263 tle
953 2204 1036 2267 Socr.
1047 2207 1139 2269 Miss.

126 2283 149 2347 l.
171 2289 201 2348 5.
217 2282 313 2348 Salac.
328 2288 378 2348 cit.
394 2304 428 2347 u.
446 2289 495 2347 61.
521 2294 550 2349 et
565 2284 669 2347 Escob.
697 2283 719 2346 l.
733 2306 760 2347 c.
780 2306 812 2349 u.
837 2281 906 2349 568⁴.
933 2290 1037 2362 Ratio,
1066 2298 1139 2371 quia

125 2383 223 2433 textus
238 2388 298 2433 non
312 2372 447 2451 loquitur
460 2366 499 2433 66
518 2372 736 2433 celebrantibus
758 2372 790 2432 16
812 2373 923 2451 templo
941 2374 1074 2453 polluto,
1086 2378 1139 2438 scd

125 2457 284 2520 interdicto
304 2475 357 2535 per
370 2459 563 2520 interdictum
585 2458 739 2537 gencrale5
754 2456 854 2521 differt
869 2468 968 2521 autem
993 2463 1141 2540 templum

126 2562 188 2604 esse
209 2543 424 2619 interdictum,
446 2554 476 2606 61
495 2562 556 2605 esse
577 2545 736 2623 pollutum.
761 2544 856 2605 Tantb
881 2544 980 2605 minius
1005 2546 1140 2613 incurret

126 2629 391 2707 irregularitatem,
405 2638 439 2690 ut
455 2627 535 2690 recti
545 2628 630 2707 ajunt
649 2627 754 2690 Escob.
770 2625 866 2689 Soloe.
881 2628 1027 2691 etBeuecl.
1044 2633 1094 2693 XI
1100 2634 1137 2695 V.

126 2709 159 2773 ll.
178 2718 334 2773 ceccano
346 2711 550 2787 Hostiorum,
568 2714 638 2793 quia
650 2714 770 2777 violatio
787 2714 919 2774 Ecclesia
937 2733 997 2777 666
1016 2723 1060 2777 est
1074 2734 1140 2778 cen·

125 2814 212 2869 sura,
226 2814 280 2874 pec
294 2797 377 2874 eujus
391 2800 581 2861 violationem
601 2800 772 2861 incurratur
787 2799 1001 2877 irregularitas.

163 2896 234 2957 beu.
253 2926 293 2941 -
317 2920 331 2949 a
350 2896 436 2957 Addo
454 2902 483 2958 1.
495 2896 628 2961 Ecclesia
642 2900 734 2976 :aquia
754 2899 906 2971 oratoria,
926 2901 980 2959 etsi
999 2900 1140 2978 deputata

127 3005 141 3037 s
163 2981 201 3041 ad
221 2980 335 3041 cultum
354 2980 515 3054 divinum,
535 2981 604 3044 caim
625 2994 725 3043 tamen
744 2984 898 3043 benedicta
916 3000 978 3043 666
1004 2985 1140 3061 luerint,

127 3091 142 3121 ι
164 3066 221 3128 nisi
236 3067 269 3126 in
292 3065 363 3144 ipsis
379 3072 459 3125 exter
476 3067 570 3127 altare
596 3068 635 3127 ad
660 3068 791 3129 iacienda
812 3067 932 3142 divina;
948 3075 982 3125 ut
1005 3070 1086 3128 Bau.
1103 3070 1142 3132 cle

125 3175 140 3207 ι
163 3152 349 3231 661661.
370 3165 427 3211 res.
450 3146 508 3210 ult.¹
528 3170 559 3211 u.
575 3154 606 3211 9.
628 3169 690 3212 666
712 3162 782 3211 sunt
802 3154 915 3230 capacia
928 3152 1137 3215 eiulationum.

125 3236 251 3313 »Quod
282 3237 372 3297 etiam
405 3245 617 3313 consequenter
644 3234 682 3295 de
717 3234 909 3316 hospitalibus
931 3236 1038 3300 docent
1055 3240 1137 3301 Nou.

127 3345 140 3375 ι
163 3326 227 3384 Sat.
247 3330 315 3399 cte,
338 3322 390 3383 sed
409 3318 594 3400 probabiliiis
616 3319 800 3388 casuarium
827 3321 935 3384 doceat
968 3324 1034 3399 alii,
1069 3342 1139 3385 cum

128 3427 141 3458 ³
167 3406 258 3468 Gari.
272 3406 308 3469 de
317 3410 401 3489 lupo
415 3426 448 3469 u.
463 3410 514 3471 66.

168 3528 182 3556 ι
202 3506 287 3567 Addo
308 3513 338 3569 6.
362 3510 495 3575 Interius
511 3514 625 3592 aquia,
650 3512 730 3592 quod
755 3511 790 3573 fic
812 3513 844 3573 in
862 3513 960 3591 turri,
985 3510 1136 3589 sacristia,

125 3603 140 3630 a
163 3600 252 3658 supra
282 3598 416 3669 666166,
435 3599 484 3656 vel
501 3600 663 3677 fornicem,
685 3600 718 3659 16
743 3608 864 3676 crypta,
884 3598 941 3660 sub
969 3598 1138 3675 parimento
