2450 3975
129 187 168 247 977
360 181 426 247 777.
440 186 469 245 6.
488 186 585 245 77777.
602 183 633 244 5.
647 184 693 245 777
703 180 905 245 77777777777777.

131 303 200 347 uem
208 284 255 349 777
264 283 547 364 potationem3aliis
555 284 653 345 dicere
665 284 839 345 deberemus
850 284 984 364 frangere
992 286 1146 365 jejunium

131 374 302 445 etiamcos,
321 371 373 449 qui
395 371 428 429 in
440 370 537 431 eulina
559 369 694 429 ciborum
712 370 828 429 sumum
842 370 1020 448 exciperent.
1037 376 1074 432 Et
1088 372 1147 434 boc

131 458 244 535 currit,
278 456 392 516 etiarnsi
417 456 516 515 fumus
547 452 714 513 voluntarie
742 454 953 514 immitteretur
979 458 1010 517 in
1036 462 1152 517 777777-

131 540 242 613 chum,
259 551 294 603 ut
307 540 500 619 probabiliter
513 536 731 599 dieuntEacob.
748 556 780 598 7.
794 539 863 598 7758.
883 540 958 600 Viva
972 560 1005 601 77.
1027 542 1058 601 7.
1077 560 1148 602 eone

131 628 233 707 Proep.
247 630 336 709 Sper.
350 646 384 685 77.
398 628 468 687 767.
481 626 618 703 77777777.
640 626 669 683 7.
691 626 786 683 Dran.
808 620 830 681 7.
845 641 870 683 7.
888 623 991 685 777777.
1008 646 1041 685 77.
1054 628 1104 687 25.
1117 634 1151 687 77

132 711 250 773 March.
269 720 299 771 77
319 710 437 790 Rurph
448 728 499 791 cp.
525 709 659 769 0777777.
678 706 745 767 7769.
758 716 862 768 contro
875 704 970 767 877777.
984 708 1032 769 777.
1044 728 1077 769 77.
1091 713 1147 770 77.

133 793 202 857 iar
180 796 236 877 fin.
256 814 323 857 77777
341 794 540 855 Benedicta.
563 794 615 872 qui
632 792 759 866 dieunt,
784 792 836 854 sed
856 793 980 905 minime
996 795 1148 873 probant,

132 878 208 940 banc
221 898 282 940 esse
300 896 400 938 veram
416 879 635 939 comestionem.

171 967 331 1026 Dubitatur
354 967 383 1025 5.
398 966 444 1023 777
464 963 591 1025 solvat
579 962 730 1039 jejunium
750 962 802 1040 qui
821 962 913 1023 sumit
925 962 1028 1024 talium
1047 967 1148 1029 tabaci

133 1051 179 1111 777
195 1056 313 1120 aroma,
328 1058 363 1108 ut
374 1050 514 1109 dentibus
525 1057 675 1119 conterat,
698 1057 727 1107 et
738 1047 904 1127 phlegmata
918 1054 1048 1125 expuat?
1060 1050 1151 1111 Affir-

133 1143 194 1195 mat
209 1134 289 1193 idem
310 1132 433 1195 Anteio.
447 1133 502 1205 ,777
519 1135 613 1194 Leone
628 1150 679 1212 op.
699 1130 793 1193 877777.
808 1130 880 1193 ibid.
893 1152 925 1191 77.
940 1135 990 1193 77.
1003 1137 1150 1197 77Η777777

133 1219 215 1299 opud
227 1222 312 1280 Cant.
329 1223 439 1280 Tourn.
459 1217 532 1281 777777.
547 1236 574 1278 7.
586 1216 629 1279 777
646 1221 674 1277 7.
688 1219 756 1296 quia
772 1217 817 1296 (ut
830 1218 943 1296 dicunt)
956 1236 1071 1298 semper
1084 1228 1152 1281 tra·

131 1302 234 1380 jieilur
255 1305 367 1383 aliquid
387 1305 419 1364 in
432 1303 639 1377 stomachum,
657 1312 687 1363 et
710 1311 831 1380 propter
841 1302 896 1363 hoo
910 1302 1076 1382 phlegmata
1094 1306 1151 1382 eji-

134 1388 264 1449 ciuntur.
286 1390 343 1449 Sed
362 1397 470 1467 negant
491 1389 662 1468 Lopllesp.
673 1390 754 1448 Mor.
766 1384 829 1448 tl.
841 1386 872 1446 d.
884 1389 913 1447 9.
935 1406 968 1447 77.
983 1385 1150 1451 77777777.

132 1492 165 1532 77.
176 1475 207 1533 8.
221 1477 300 1534 Bon.
313 1492 346 1533 77.
366 1476 396 1533 9.
409 1476 496 1553 Spar.
508 1490 542 1531 77.
558 1473 628 1531 767.
650 1473 724 1534 Viuo
743 1491 776 1531 77.
787 1472 817 1532 7.
829 1471 930 1533 7377777.
947 1490 979 1531 77.
991 1474 1058 1533 758.
1078 1492 1152 1535 777777

133 1559 226 1636 Pcap.
241 1557 336 1618 llenzi
347 1576 378 1638 q.
393 1560 423 1617 7.
435 1565 465 1616 77
480 1556 571 1617 Biora
583 1576 616 1635 p.
632 1558 657 1615 77.
671 1564 710 1616 77.
724 1558 808 1617 757.
823 1560 850 1617 7.
862 1574 929 1617 eom
940 1560 1026 1619 Cone.
1040 1558 1147 1619 Tomb.

134 1646 234 1725 Proep.
253 1640 348 1704 Trall.
360 1650 413 1703 777.
423 1645 459 1702 Et
470 1640 577 1703 meritd
585 1641 615 1702 id
626 1643 778 1721 probabile
787 1652 892 1720 potant
904 1640 998 1703 Soloe.
1008 1640 1148 1705 deEuob.

133 1748 159 1789 7.
174 1731 205 1789 7.
216 1731 290 1809 pi.
305 1749 337 1789 77.
352 1731 403 1791 77.
418 1746 485 1789 euna
499 1730 634 1807 Bonosp.
650 1728 752 1797 Ratio,
769 1727 837 1804 quia
857 1727 894 1787 ad
912 1726 1077 1805 phlegmata
1091 1728 1152 1805 eji-

135 1815 237 1875 cienda
253 1834 314 1876 non
329 1816 513 1893 requiritur,
537 1822 572 1873 ut
588 1830 690 1872 succus
707 1815 738 1871 in
761 1810 944 1872 stomachum
967 1812 1148 1891 descendat,

134 1899 186 1959 sed
203 1898 312 1958 sufficit
332 1900 468 1959 tabacum
483 1899 520 1957 ad
543 1916 577 1959 os
596 1900 765 1976 applicare,
780 1907 814 1957 ut
838 1898 980 1959 virtutem
998 1902 1151 1977 expuendi

135 1983 172 2043 ad
183 1982 368 2044 stomachum
387 1983 530 2043 immittat
553 2001 607 2060 per
623 2001 749 2056 nervos,
770 1983 820 2061 qui
838 1982 875 2044 ad
893 1982 1079 2046 stomachum
1098 2006 1151 2047 re·

137 2065 299 2146 spondent.
323 2070 361 2127 Et
375 2067 431 2126 hoe
451 2068 566 2126 etiamsi
585 2068 786 2146 deglutiatur,
809 2067 857 2128 sed
883 2077 990 2145 praeter
1013 2070 1154 2133 intentio·

136 2169 216 2224 nem,
231 2151 342 2229 aliquid
362 2152 511 2213 modicum
520 2152 599 2215 succi
612 2195 620 2223 ,
636 2153 733 2212 salivae
749 2153 985 2231 inseparabiliter
998 2153 1121 2216 admixti
1138 2203 1149 2231 ,

137 2246 171 2297 ut
197 2237 397 2318 (7777777797
415 2254 500 2298 nom.
530 2239 560 2296 7.
581 2235 722 2297 7777777777.
735 2255 819 2296 nom.
839 2239 869 2296 6.
892 2237 983 2309 Viva,
1003 2246 1031 2298 77
1042 2241 1151 2304 anob.

138 2319 208 2382 77777
220 2321 396 2383 citatiorem
414 2326 510 2382 Tama
525 2329 554 2381 77
568 2324 679 2382 Fausto
707 2320 790 2401 opud
810 2321 918 2392 Dion„
933 2323 1002 2398 quia
1014 2366 1022 2394 ,
1035 2323 1059 2383 si
1079 2342 1152 2388 casu

138 2405 168 2465 id
186 2405 370 2482 deglutitur,
389 2425 449 2466 non
470 2426 524 2484 per
543 2406 666 2466 modum
687 2407 762 2480 cibi,
781 2406 831 2466 sed
846 2423 899 2483 per
912 2406 1033 2466 modum
1050 2409 1152 2472 salivae

138 2489 296 2568 trajicitur.
313 2491 378 2553 lmb
403 2490 556 2552 77νί7777777
583 2509 636 2570 op.
658 2491 751 2552 777777.
776 2500 916 2562 excusat,
945 2491 1059 2572 etiamsi
1080 2512 1152 2556 casu

137 2594 262 2654 granum
281 2578 481 2656 deglutiatur3
499 2576 551 2636 sed
570 2575 626 2636 hoo
649 2575 729 2636 rectia
755 2594 814 2637 non
840 2575 1001 2636 admittunt
1026 2579 1153 2638 1777777

143 2660 258 2732 Tomb„
268 2664 341 2739 ‚quia
354 2663 429 2722 illud
445 2672 517 2723 tune
529 2661 648 2722 videtur
664 2659 763 2740 potiirs
775 2663 850 2720 sumi
871 2679 925 2740 per
946 2661 1067 2720 modum
1077 2663 1151 2724 eibi.

140 2745 201 2803 lloe
220 2751 319 2804 777777
337 2747 581 2826 intelligendum,
607 2746 790 2825 signanum,
808 2765 868 2806 non
891 2752 990 2806 autem
1008 2746 1031 2804 si
1051 2746 1153 2824 aliqua

140 2827 263 2886 minima
281 2846 349 2906 pars
366 2830 567 2907 deglutiatur,
587 2850 653 2909 quae
672 2830 882 2890 insensibiliter
903 2849 971 2890 eum
995 2830 1084 2890 saliva
1111 2833 1154 2894 sit

139 2911 293 2982 immixta,
309 2913 379 2989 quia
390 2913 453 2973 baec
464 2915 534 2974 vead
549 2933 604 2992 pcr
621 2913 743 2974 modum
756 2915 853 2974 salivae
866 2913 1022 2990 trajicitur.
1039 2915 1153 2974 Omnes

140 2994 211 3057 verd
223 2996 422 3069 conveniunt,
443 2997 612 3074 hujusmodi
629 2998 861 3058 masticationem
879 3016 942 3058 esse
955 2997 1151 3061 indecentem

140 3090 208 3142 ante
225 3082 464 3142 communionem
475 3105 487 3158 ,·
507 3085 587 3142 unde
610 3089 683 3160 puto
707 3101 772 3143 eam
799 3102 859 3144 uon
879 3083 1010 3144 excusari
1029 3082 1047 3143 ia
1065 3085 1154 3164 culpa

139 3169 267 3244 veniali,
286 3169 451 3247 nisialiqoa
467 3186 552 3229 eausa
570 3169 674 3230 subsit.

177 3256 247 3316 7787.
261 3254 420 3332 -Regula
431 3255 484 3312 777.
497 3263 542 3313 cst
555 3299 562 3326 ,
576 3251 656 3332 quiid
680 3252 715 3312 ad
733 3253 932 3332 irangendum
939 3252 1087 3332 jejunium
1104 3272 1156 3313 rc·

141 3334 292 3412 quiritur,
317 3347 351 3398 ut
375 3356 422 3398 res
446 3348 564 3416 sumpta
587 3338 694 3398 haheat
710 3339 855 3398 rationem
874 3338 956 3410 eibi,
980 3346 1032 3397 aut
1051 3337 1154 3416 potuis.

143 3419 217 3477 llinc
234 3421 402 3495 dubitatur,
416 3442 455 3483 an
468 3425 607 3484 comestio
621 3423 812 3500 capillorum,
831 3425 974 3501 unguium
988 3465 995 3492 ,
1007 3423 1054 3482 vel
1063 3423 1154 3500 ligni,

9 3525 17 3538 ·
142 3501 254 3572 papiri,
268 3504 458 3578 lapillorum,
475 3518 506 3567 et
516 3511 660 3571 similium
676 3508 817 3588 impediat
828 3509 1083 3570 communionem?
1093 3507 1157 3570 ad·

142 3589 211 3637 sunt
231 3588 290 3639 tres
310 3596 473 3650 7777777777.
561 3594 564 3599 ’
