2450 3975
336 188 409 267 Cap.
425 186 454 247 1.
467 188 512 249 De
528 186 711 250 contritione.
725 187 845 252 ouon.
1030 195 1083 256 tot

83 285 303 352 ministeriam
313 286 416 347 saltem
427 285 506 347 illius
520 289 628 365 peccati
640 296 851 367 consequatur,
862 298 977 369 peecata
987 301 1088 357 autem

83 373 214 435 mortalia
230 379 381 451 noqueunt
399 370 512 433 remitti
530 391 625 433 unum
639 374 1008 450 sinea1i03undenecesse
1023 386 1086 454 est,

83 466 117 517 ut
133 456 168 517 ud
189 456 318 535 primum
338 464 436 517 aetum
460 454 518 516 und
540 457 631 517 simul
656 458 756 518 omnin
780 460 980 522 remittantur.
1001 462 1087 522 Ratio

84 541 205 603 secunda
217 584 225 612 ,
239 542 307 619 quio
320 543 433 619 mugnis
447 541 665 619 peecatoribus,
676 543 727 622 qui
742 541 931 605 habitualiter
943 563 996 622 per
1008 547 1087 607 mul·

4 630 6 635 “
83 634 146 687 tum
167 624 306 702 temporis
327 625 435 685 versati
456 624 630 687 fuissentin
651 628 795 705 pereatis,
815 627 995 707 impossibile
1010 637 1087 691 esset

81 709 177 771 statim
187 710 318 770 converti
331 708 367 768 od
376 710 489 779 Deum,
502 706 571 770 ciem
580 709 763 788 impossibile
774 712 813 773 sit
825 711 998 788 brevissimo
1010 722 1086 775 tem·

81 810 150 872 pore
163 792 277 871 singula
296 800 410 870 peccato
425 792 581 864 detestari,
595 801 648 853 out
666 795 781 874 singula
796 796 827 856 in
848 797 1023 858 memoriam
1042 814 1085 859 re·

80 895 179 939 vocare
189 898 197 937 e
209 876 261 938 sed
272 877 441 957 oppositum
458 884 571 938 constat
583 895 620 938 ex
633 880 793 958 Scripturis
804 901 813 955 3
826 895 894 941 nam
905 882 1005 959 ptores
1018 900 1087 960 peo-

80 970 208 1037 eotores,
225 962 281 1023 etsi
303 960 405 1022 multis
424 962 548 1039 peccetis
560 964 692 1041 gravati,
712 971 811 1025 tamon
824 963 922 1027 subiti
931 964 1084 1042 justificati

78 1046 214 1124 luerunt3
230 1046 270 1106 ito
286 1044 389 1105 accidit
402 1044 597 1122 negeturne,
609 1047 864 1121 tauromenum,
877 1058 907 1109 et
920 1052 1083 1129 pracerum

78 1130 179 1191 Ituridi
191 1174 201 1203 ,
215 1131 267 1208 qui
287 1130 385 1191 statim
405 1148 438 1189 ae
453 1128 545 1201 dixit,
561 1133 679 1209 peccati
691 1134 836 1211 Domino,
849 1135 1000 1212 respondit
1017 1135 1086 1197 Pro·

4 1212 6 1233 '
78 1212 181 1293 pheta,
198 1214 347 1276 Dominus
365 1230 479 1293 quoque
497 1212 654 1274 transtulit
661 1223 813 1296 peccatum
826 1225 921 1279 tuum.
932 1222 962 1278 ἓ.
976 1220 1047 1299 neq.
1055 1236 1081 1278 e.

77 1301 122 1359 tt.
135 1316 165 1358 v.
179 1299 227 1359 15.
244 1297 330 1359 Ratio
349 1299 377 1357 3.
393 1300 462 1377 quia
480 1298 551 1359 aliis
567 1300 693 1377 quisque
707 1298 724 1359 d
737 1302 863 1378 peccatis
878 1302 999 1363 occultis
1020 1320 1083 1363 nou

76 1392 169 1460 posset
189 1400 242 1461 per
260 1382 393 1445 dolorem
409 1383 606 1443 universalem
626 1384 784 1456 mundari,
799 1385 995 1447 sedTrident.
1011 1402 1082 1446 acor.

77 1468 122 1527 tt.
138 1485 163 1528 e.
181 1469 210 1527 o.
229 1467 315 1527 docet
331 1466 521 1546 oppositum,
541 1467 644 1528 dicent
659 1489 668 1527 ε
684 1466 810 1549 Reliqua
827 1477 927 1531 autent
942 1478 1080 1552 peecata,

76 1568 140 1630 quoe
154 1549 311 1632 diliqenter
327 1550 469 1632 eoqitauti
484 1570 544 1613 reon
560 1564 733 1629 mcumcat,
748 1553 782 1615 iu
794 1555 964 1617 univercum
981 1553 1083 1615 eadere
1103 1561 1107 1567 '

75 1634 251 1717 mnsesaioue
262 1632 378 1696 incluta
388 1653 447 1697 ecte
459 1634 683 1719 iutelliquatur,
697 1657 752 1720 pro
763 1639 870 1720 quibua
880 1638 1081 1719 fidelitereune

76 1718 219 1801 Propheta
239 1716 366 1781 dicimur
379 1742 390 1778 .-
403 1718 448 1781 oo
469 1718 588 1783 occultet
607 1721 679 1783 meu
698 1721 813 1784 maudo
831 1739 876 1783 me
893 1723 1030 1785 Domine.
1049 1722 1081 1782 Si

4 1822 6 1831 ’
75 1804 140 1883 crgd
156 1804 242 1867 dolor
262 1804 437 1865 universalis
455 1806 534 1867 valet
549 1806 649 1867 delere
667 1816 783 1886 peecata
803 1808 933 1880 occulta,
947 1826 1000 1869 cur
1020 1824 1082 1871 non

75 1890 178 1952 delebit
190 1889 280 1951 etiem
296 1898 412 1968 peecata
435 1908 496 1951 non
517 1892 686 1969 singulatim
707 1892 872 1954 detestata?
892 1893 977 1953 Ratio
996 1895 1027 1955 1.
1050 1900 1081 1953 et

76 1976 227 2038 intrinseca
242 1983 304 2045 est,
318 1975 387 2052 quie
403 1976 449 2055 (ut
460 1974 535 2038 benie
545 1976 631 2036 docet
641 1979 679 2038 P.
688 1977 828 2057 Suarea),
841 1973 910 2039 cium
921 1978 988 2058 quis
999 1978 1081 2039 dolet

75 2059 109 2120 de
125 2061 184 2122 suis
202 2058 380 2122 criminibus
396 2077 433 2122 ex
454 2061 566 2122 motivo
586 2063 745 2123 universali
757 2107 765 2135 ,
779 2063 858 2142 quod
879 2072 990 2143 pugnat
1011 2079 1080 2126 cunt

74 2145 151 2206 omni
170 2153 311 2226 peccota,
333 2153 405 2206 tune
423 2146 590 2209 virtualiter
613 2158 729 2227 peecata
750 2167 802 2210 sua
824 2148 937 2228 singula
958 2148 1081 2210 detesto·

75 2236 141 2305 tur;
155 2239 237 2292 aetus
257 2229 338 2292 enim
360 2230 411 2292 ille
425 2229 536 2292 doloris
554 2231 591 2292 nd
609 2234 710 2294 omnia
725 2242 756 2294 et
767 2233 923 2309 singulare
934 2232 1078 2294 extendit.

75 2315 108 2374 Et
128 2313 190 2376 hece
209 2315 287 2376 ratio
308 2322 353 2377 att
373 2316 507 2394 eiusdem
522 2319 563 2378 tt.
583 2317 639 2379 Tlr.
652 2319 686 2378 iu
698 2321 729 2379 1.
749 2317 817 2380 diet.
839 2319 890 2380 tt.
911 2337 943 2398 q.
957 2319 988 2380 2.
1003 2319 1078 2379 (1.5.

74 2398 121 2460 ubi
144 2400 218 2461 dicit
240 2421 248 2458 ε
275 2401 319 2460 la·
339 2401 524 2464 contritionis
550 2411 634 2463 ueotu
652 2403 832 2476 ouoitoueo,
861 2401 997 2483 quoauoit
1018 2419 1079 2464 uou

73 2482 225 2546 actualiter
243 2481 391 2546 clietiaetio
409 2484 539 2548 inueniri
550 2488 645 2568 poscit
655 2533 665 2564 ,
687 2497 786 2550 tumea
807 2486 958 2549 inuenitur
976 2504 1079 2548 euua-

5 2571 6 2580 ’
72 2567 140 2628 leion
158 2567 238 2650 quod
255 2565 376 2648 tiaqetla
388 2579 508 2650 peccato
524 2569 656 2631 ordinem
677 2571 786 2634 dolent
798 2571 838 2632 ool
860 2570 955 2647 illud,
971 2570 1007 2632 de
1019 2588 1078 2650 qua

73 2650 104 2710 ia
121 2649 174 2712 ttta
189 2649 364 2715 contritione
382 2651 658 2734 qeaeralicontrito
677 2653 835 2718 mundum
858 2655 1077 2734 011111νί1,εοί-

73 2731 136 2800 lt‘cct
155 2735 191 2798 cle
215 2735 329 2816 affarea
350 2735 419 2798 Dei.
443 2739 526 2799 Unde
547 2739 651 2812 addit,
675 2740 755 2818 qudd
777 2740 853 2802 sicut
875 2739 926 2819 qui
948 2740 1077 2820 aliquem

73 2821 309 2882 communitatem
328 2820 442 2901 diligit,
464 2823 575 2884 virtute
594 2825 725 2904 singulos
745 2824 863 2904 diligit,
880 2826 920 2885 ita
932 2826 983 2903 qui
995 2825 1076 2886 dolet

72 2903 107 2964 dc
119 2906 254 2967 omnibus
270 2906 393 2982 pcccatis
403 2950 412 2979 ,
423 2906 460 2967 de
473 2908 596 2988 siugulis
608 2909 699 2971 dolet.
713 2912 774 2970 Nec
785 2911 880 2971 obstat
890 2910 981 2982 ittud,
996 2910 1076 2990 quod

72 2987 139 3049 dicit
148 2992 188 3052 tt.
201 2988 257 3051 tt.
269 2990 298 3050 5.
310 3007 344 3071 p.
358 3007 389 3070 q.
400 2991 450 3053 87.
461 3000 521 3054 ort.
539 2995 568 3053 t.
584 2994 634 3054 ubi
648 3013 800 3074 quarens,
813 2991 914 3057 utrium
925 3005 1075 3072 peecatum

73 3074 182 3134 veniale
202 3075 293 3153 possit
310 3075 422 3136 remitti
441 3076 505 3138 siue
525 3081 720 3155 poeniteutio,
739 3080 918 3160 respondete
934 3077 1077 3157 Eruitur

5 3163 8 3178 ¹
72 3163 166 3218 autern
183 3157 223 3220 ael
239 3159 438 3221 remissionom
446 3161 558 3241 peccati
570 3162 705 3226 utortolit
713 3163 871 3246 perfectior
884 3159 1073 3244 punitentia,

73 3249 106 3301 ut
121 3239 228 3304 scilicet
243 3242 328 3306 leorae
346 3241 502 3306 acttcale'ter
516 3257 668 3328 peccatum
684 3245 809 3310 mortale
826 3247 1010 3308 committunt
1024 3243 1075 3305 ete*

74 3331 204 3401 teotetur,
222 3335 369 3407 quautam
388 3329 422 3390 ia
443 3327 508 3410 ipro
529 3339 592 3406 eut,
611 3341 648 3393 ut
664 3330 773 3394 coilieet
789 3327 974 3408 dili9eutiom
988 3324 1074 3388 atti·

73 3405 135 3468 leot
152 3408 193 3471 od
209 3410 431 3476 reruemoeaado
452 3412 572 3494 oiuqula
589 3425 705 3496 pomata
722 3409 880 3484 mortalia,
901 3419 937 3472 ut
953 3409 1073 3492 siaqula

73 3489 232 3556 deteatetur.
249 3498 365 3560 Etenim
384 3499 530 3577 supienter
547 3499 638 3579 Cojet.
652 3498 820 3576 explieateo
831 3497 895 3556 loco
905 3539 914 3566 ,
924 3497 1072 3572 quomodo

73 3575 275 3658 intelligendus
286 3584 325 3645 sit
334 3584 363 3644 S.
374 3585 482 3646 Doctor
492 3605 500 3642 ε
511 3587 573 3646 Hoc
584 3588 679 3664 potent
689 3580 809 3661 (iuquit)
821 3578 975 3659 dupliciter
985 3579 1069 3640 iutel-

112 3665 192 3724 tum.
208 3669 260 3728 vt.
878 3666 917 3724 26
