2450 3975
138 166 196 229 556
376 160 441 226 Lr'b.
456 164 485 225 6.
505 167 603 227 Troct.
617 164 648 225 4.
661 164 708 225 De
723 161 907 244 pestitentio.

179 268 247 329 455.
257 300 296 313 -
307 264 467 327 Dubitatur
482 266 513 327 4.
527 266 574 328 rin
594 266 708 345 posint
724 262 856 337 absolvi,
870 261 1004 341 quisunt
1020 262 1053 325 iu
1066 281 1149 327 oem-

139 352 222 413 sione
243 351 377 431 proxima
396 350 582 411 necessario?
603 351 643 410 Ut
662 346 749 427 sopri
772 347 945 423 innuimus,
958 348 1009 408 illo
1026 350 1150 426 quidem

139 434 248 498 dicitur
261 436 372 499 occasio
389 436 565 509 necessario,
581 452 647 511 que
666 450 728 493 non
746 439 843 510 potest
855 430 984 509 relinqui
1001 433 1051 492 vel
1071 432 1149 510 phy-

139 520 214 593 stat,
235 521 284 581 rel
301 520 454 581 moraliter
467 540 476 595 ς
489 517 626 599 physici,
645 533 754 594 nempe
766 515 791 574 si
809 515 876 593 quis
895 525 971 577 mset
983 516 1015 576 in
1031 533 1149 577 carcere

138 614 189 665 aut
204 603 339 680 triremi,
357 601 373 663 i
393 619 452 678 quo
471 600 620 660 discedere
638 618 699 661 non
713 608 826 676 possets
839 598 887 657 vel
906 599 931 657 si
944 608 1019 660 esset
1033 601 1066 660 in
1078 600 1148 659 arti·

138 689 206 749 culo
227 688 334 749 mortis
344 730 354 763 ,
372 686 403 745 in
423 704 482 762 quo
503 703 564 745 non
578 683 702 744 haberet
713 690 830 760 tempus
844 684 893 743 vel
909 683 1031 744 modum
1051 684 1149 762 expel-

138 771 219 833 lendi
236 772 383 833 amicam:
404 766 558 829 moraliter
577 766 669 837 verb,
685 784 791 843 nempe
812 766 838 826 si
862 768 973 827 occasio
995 768 1059 827 tolli
1084 786 1148 829 non

138 866 235 937 posset
248 857 312 917 sine
327 852 483 931 scandalo;
497 854 528 915 in
538 852 585 914 his
603 852 717 913 casibus
730 849 925 911 bendobsolvi
937 859 1050 931 potest,
1063 870 1147 911 ocra·

137 942 219 1001 siorm
239 958 299 1002 non
319 938 448 1011 sublati,
467 934 535 999 crim
561 955 624 998 non
646 945 783 997 teneatur
807 937 953 1013 poenitens
972 945 1043 996 tunc
1061 937 1146 997 illam

137 1026 262 1085 auferre.
275 1023 332 1085 Sed
352 1020 400 1083 hic
413 1023 540 1084 dubium
554 1022 605 1099 fit,
621 1040 661 1083 nn
679 1020 772 1100 possit
794 1022 860 1098 quis
882 1022 1002 1081 mandre
1022 1022 1054 1081 in
1068 1040 1147 1082 occa»
1220 1075 1222 1078 .

136 1108 219 1167 sione
241 1108 392 1186 proxima,
409 1108 434 1168 si
455 1108 541 1167 aliter
563 1106 685 1167 deberet
702 1105 762 1183 pati
784 1104 914 1165 notabile
930 1104 1144 1166 detrimentum

136 1192 298 1270 temporale
321 1192 353 1252 in
369 1192 454 1263 vita,
472 1193 569 1263 lamo,
585 1201 638 1251 aut
655 1188 805 1251 fortunis?
821 1190 915 1267 Negat
932 1187 1095 1249 Mcrbest'us
1108 1188 1144 1249 dc

136 1270 239 1355 penit.
255 1274 327 1339 diat.
340 1280 372 1339 4.
386 1297 419 1337 ra.
435 1280 484 1338 44.
503 1278 620 1350 dicens,
637 1294 692 1354 pro
705 1275 788 1335 nullo
804 1274 912 1334 damno
924 1274 1080 1352 temporali
1094 1276 1144 1335 ali·

137 1377 226 1439 quem
245 1363 376 1423 excusari
395 1362 412 1423 i
428 1361 603 1423 dimittenda
623 1359 773 1420 occasione
792 1359 943 1436 proxima3
954 1365 986 1418 et
1003 1359 1038 1418 in
1059 1368 1144 1437 parte

137 1445 284 1505 consentit
300 1447 375 1527 Wip.
389 1452 429 1505 tr.
445 1448 475 1507 5.
499 1464 532 1505 rt.
552 1447 600 1505 50.
614 1444 667 1503 ubi
683 1444 745 1515 ait,
759 1460 822 1503 esse
839 1441 1049 1521 obligationem
1068 1444 1143 1503 aule·

135 1527 222 1589 rendi
243 1531 426 1591 occasionem
442 1573 451 1600 ,
465 1530 579 1591 etiamsi
596 1530 715 1590 infamia
739 1528 780 1589 sit
798 1528 959 1588 subeunda.
975 1528 1143 1588 Communi·

136 1618 184 1672 ter
203 1620 302 1675 tumen
322 1614 471 1675 affirmant
485 1616 549 1675 lili.
563 1630 623 1673 non
636 1612 731 1673 teneri
752 1614 944 1690 poenitentem
960 1613 1142 1673 occasionem

136 1694 305 1771 dimittere,
319 1698 344 1758 si
363 1699 450 1759 aliter
472 1715 561 1778 grove
582 1697 726 1757 domnum
744 1696 906 1774 temporale
927 1713 1065 1773 passurus
1083 1698 1142 1769 sit,

135 1778 297 1845 dummodb
312 1784 431 1845 interim
445 1784 484 1844 sit
502 1782 672 1863 paratusuti
682 1779 997 1858 mediis‚prsescriptis;
1007 1778 1048 1840 ita
1059 1783 1143 1842 Noc.

136 1864 224 1925 Mori.
242 1884 268 1927 r.
284 1868 314 1927 5.
329 1885 363 1927 rt.
378 1870 427 1929 40.
439 1866 548 1929 Soreoi.
562 1869 631 1927 Dec.
647 1862 669 1925 l.
684 1867 714 1925 4.
725 1882 790 1944 cop.
809 1865 840 1924 8.
863 1883 897 1923 rt.
908 1865 939 1923 5.
951 1864 1033 1944 Lupo
1044 1863 1077 1925 d.
1092 1868 1142 1926 44.

135 1964 168 2006 rt.
184 1949 251 2008 idi.
265 1966 332 2010 cum
343 1949 511 2028 communi,
528 1947 598 2012 Pol.
616 1957 655 2012 tr.
670 1951 701 2010 l.
715 1946 746 2011 d.
759 1950 790 2010 2.
810 1968 844 2031 p.
866 1950 896 2009 9.
913 1946 941 2029 §.
962 1950 991 2010 5.
1009 1967 1095 2011 nem.
1110 1954 1143 2012 8.

137 2030 223 2090 Ceut.
236 2034 348 2093 Tauro:
356 2033 390 2094 de
402 2041 510 2113 peccet.
518 2041 598 2114 port.
611 2037 639 2094 4.
650 2053 717 2115 cop.
729 2038 759 2095 l.
771 2031 899 2114 append.
911 2036 982 2114 Rep.
994 2035 1024 2094 5.
1032 2034 1143 2098 Anasi·

132 2132 166 2195 p.
180 2115 250 2176 649.
266 2134 300 2176 rt.
313 2118 363 2178 46.
381 2114 501 2178 Holrm.
514 2136 546 2178 ra.
566 2119 633 2179 580.
646 2137 675 2178 o.
691 2115 782 2190 Diri,
795 2120 908 2179 Borrae.
922 2117 957 2179 de
971 2127 1060 2178 rnotr.
1071 2123 1141 2198 cpi.

1220 1693 1222 1796 l

1220 1845 1222 1954 l

131 2217 164 2279 p.
178 2201 225 2260 44.
240 2217 273 2260 rr.
285 2201 334 2262 ll.
351 2201 426 2264 Viuo
439 2219 491 2283 qu.
510 2203 540 2262 5.
557 2221 587 2264 o.
604 2205 633 2263 2.
648 2220 681 2262 rt.
697 2204 727 2261 6.
742 2199 827 2263 sicet
845 2221 930 2263 oum.
948 2204 1016 2278 404.
1032 2205 1140 2284 leym.
1219 2242 1220 2281 3

131 2299 160 2341 c.
172 2285 202 2343 4.
215 2302 247 2344 o.
262 2285 292 2344 9.
306 2286 401 2348 Reozi
411 2304 437 2347 c.
451 2289 481 2347 2.
495 2294 564 2348 sert.
578 2289 607 2347 4.
620 2305 672 2368 qu.
694 2288 744 2348 45.
758 2288 868 2367 Sporer
885 2305 968 2346 rrum.
990 2289 1059 2347 sto.
1075 2290 1141 2366 (qui
1219 2290 1220 2343 t

134 2370 232 2427 tamen
245 2386 278 2428 rt.
293 2369 361 2430 548.
379 2387 447 2431 cum
466 2367 563 2432 Paloo
580 2388 641 2432 non
662 2380 780 2432 mcumt
799 2372 928 2448 aliquem
953 2370 1142 2432 mediocriter
1218 2398 1221 2414 ι

133 2448 275 2526 divitem,
290 2453 341 2530 qui
356 2471 393 2514 ne
405 2455 533 2532 patiatur
555 2453 698 2516 damnum
717 2463 837 2516 centum
858 2455 1048 2526 ducatorum,
1061 2472 1142 2514 occa·

133 2533 248 2596 sionem
275 2553 335 2597 non
359 2537 448 2598 vellet
465 2537 611 2614 deserere)
635 2548 666 2600 et
691 2540 838 2601 consentit
861 2540 990 2600 conciso
1007 2557 1041 2618 p.
1066 2540 1138 2599 265.

133 2635 166 2676 rt.
182 2621 228 2679 47.
241 2619 266 2680 si
286 2621 432 2699 poenitens
450 2639 487 2682 er
498 2621 671 2683 dimissione
685 2622 842 2682 occasionis
855 2622 976 2683 deberet
987 2622 1049 2700 pati
1063 2623 1142 2682 insa·
1218 2668 1219 2685 .

132 2703 245 2774 miam,
266 2713 317 2764 aut
341 2705 546 2782 gravissimum
571 2705 794 2766 detrimentum.
813 2707 916 2776 Retio,
938 2707 1006 2782 quia
1025 2709 1141 2769 occasio

132 2785 270 2863 peccandi
291 2804 351 2846 non
375 2797 419 2848 est
438 2789 515 2850 inse
532 2799 704 2868 peccatum,
721 2789 918 2869 nequeaffert
937 2790 1139 2854 necessitatem
1218 2778 1219 2871 J

132 2866 269 2945 peccandi
281 2889 291 2945 3
305 2881 486 2950 quapropter
502 2873 578 2933 bene
592 2881 689 2952 potest
705 2891 773 2933 cum
786 2892 820 2933 ea
834 2872 991 2934 consistere
1002 2891 1072 2933 vera
1085 2876 1140 2934 de·

131 2951 246 3012 testatio
267 2963 471 3032 peecatorum,
495 2963 526 3016 et
541 2957 665 3018 firmum
685 2960 869 3037 propositum
886 2974 946 3019 non
962 2957 1137 3030 relabendi,

130 3053 163 3096 ac
180 3034 338 3098 adhibendi
355 3037 454 3099 debita
471 3041 613 3102 remedia.
627 3044 664 3101 Et
680 3041 814 3119 quamvis
829 3049 1009 3120 praereptum
1021 3043 1137 3104 vitandi

130 3121 309 3182 occasionem
330 3123 494 3202 proximam
512 3144 566 3205 per
583 3145 615 3187 se
634 3127 747 3204 obliget
766 3126 805 3185 ad
822 3144 884 3186 non
900 3127 1138 3204 permanendum
1217 3122 1218 3137 ²

129 3204 161 3266 in
185 3205 352 3278 occasione,
367 3215 465 3268 tamen
485 3211 558 3271 illud
581 3210 807 3287 intelligendum
827 3218 873 3270 est
892 3210 1046 3287 obligare,
1066 3207 1137 3272 crim
1217 3262 1218 3265 ,

126 3290 195 3366 'quis
208 3290 374 3352 voluntarie
387 3294 418 3352 in
435 3295 584 3356 occasione
605 3295 754 3373 persistit,
768 3313 829 3355 non
845 3292 916 3355 verb
928 3294 954 3354 si
971 3305 1088 3356 maneat
1099 3314 1137 3358 ex
1201 3288 1218 3369 ,¹

128 3373 307 3448 necessitate
320 3376 471 3435 moraliter
484 3387 583 3437 autem
593 3376 657 3437 baec
665 3381 818 3438 necessitas
827 3379 986 3439 intervenit
995 3421 1004 3450 ‚
1013 3379 1137 3455 quando

126 3450 988 3538 sinemagnodetrimento‚autincommodonequitoccasio
998 3460 1136 3538 dimitti,
1216 3506 1217 3521 .

125 3530 234 3587 etenim
247 3543 317 3594 tune
328 3539 494 3613 periculum
506 3541 630 3604 formale
641 3551 673 3604 et
685 3545 855 3620 proximum
864 3542 1040 3624 opportunis
1051 3544 1136 3624 adbi-
