2450 3975
122 345 126 352 .
222 293 296 375 Cep.
308 292 339 353 5.
353 291 398 354 De
408 286 542 354 Eacltar.
558 289 594 348 at
607 281 848 366 estsocrifiee‘am.
865 283 943 347 Dal.
955 287 986 348 l.
1067 286 1124 346 269

111 393 156 455 sia
176 392 322 472 polluitur
344 406 407 451 non
427 393 487 448 mm
508 403 563 465 per
578 384 729 462 sanguinis
750 384 941 459 effusionem,
961 382 1049 462 quim
1072 403 1126 464 por

111 477 262 538 actionem
279 474 472 551 injuriosam,
491 471 550 552 qui
570 477 706 530 causatur
725 469 829 530 allusio
848 490 855 528 :
883 470 913 530 in
928 479 1008 530 texta
1026 478 1126 532 autem

111 580 180 643 cap.
194 561 231 623 si
242 557 391 631 Ecclesia,
402 556 437 619 de
449 552 662 616 consecratione
673 551 753 615 Ecel.
769 554 820 632 qui
835 571 903 613 mox
913 551 987 614 inira
1000 554 1126 616 adduce·

113 653 166 706 tur
181 690 190 719 ‚
210 645 385 707 ubidicitur
403 659 457 719 per
469 638 620 719 sanguinis
636 637 809 698 effusionem
824 638 982 698 Ecclesiam
998 640 1124 714 violari,

112 748 176 792 oon
201 729 365 809 requiritur
402 727 505 788 effusio
531 726 609 785 intra
640 723 814 797 Ecclesiam,
839 723 918 783 unde
949 739 1081 802 semper,
1100 727 1125 785 si

111 816 196 876 adest
217 815 366 896 percussio
387 811 529 890 injuriosa
548 829 617 872 cum
638 807 786 889 sanguinis
812 809 974 880 effusione,
998 809 1127 873 violatur

112 901 250 962 Ecclesia.
272 899 355 960 ldcm
366 896 542 968 dicendum,
557 895 584 955 si
608 895 713 971 aliquis
727 895 852 954 existens
868 901 953 954 extra·
968 895 1126 955 Ecclesiam

109 986 234 1064 sagitta,
248 986 295 1046 vel
311 984 409 1061 sclopo
424 982 551 1043 alterum
567 979 698 1048 occidat,
713 988 748 1038 ut
768 975 861 1040 Soloe.
877 985 914 1038 tr.
927 980 954 1039 5.
964 997 989 1040 e.
1006 980 1036 1038 l.
1048 997 1080 1061 p.
1093 981 1126 1040 2.
1145 985 1148 991 ’

110 1087 143 1130 ιι.
166 1071 217 1130 68.
234 1067 322 1130 Sectis
334 1047 406 1127 vero
433 1065 592 1126 dicendum
606 1109 615 1136 ‚
629 1071 663 1124 ut
687 1063 762 1125 bene
775 1067 815 1124 ait
832 1065 914 1144 Lupo
928 1061 996 1126 dict.
1014 1083 1046 1124 ιι.
1062 1065 1125 1136 55,

110 1153 137 1213 si
156 1155 266 1214 vulnus
282 1151 435 1230 infligatur
460 1159 560 1221 extra,
574 1157 605 1210 et
617 1151 695 1210 intra
711 1149 868 1210 Ecclesiam
891 1167 971 1210 mors
987 1149 1124 1222 eveniat,

83 1275 87 1278 -
109 1244 166 1298 aut
177 1237 296 1318 sanguis
306 1236 498 1311 effundatur,
516 1235 586 1312 quia
600 1242 673 1295 tunc
692 1232 774 1293 abest
786 1233 895 1310 injuria
908 1235 939 1292 in
955 1235 1123 1298 Ecclesiam.

56 1392 65 1397 ,
149 1323 222 1385 565.
245 1355 286 1368 -
309 1347 324 1377 ι
342 1324 374 1384 2.
402 1323 459 1381 Per
473 1319 641 1381 mortaliter
662 1319 770 1379 malam
793 1317 967 1378 effusionem
990 1321 1124 1399 proprii,

108 1432 126 1466 ι
149 1409 200 1469 vel
221 1406 342 1469 alterius
360 1405 530 1485 sanguinis,
553 1404 601 1464 vel
623 1403 744 1464 seminis
765 1410 930 1476 causatam,
948 1403 996 1462 vel
1019 1403 1127 1465 laetam

108 1518 126 1550 ιι
150 1493 184 1555 in
200 1488 419 1571 templo‚1iaet
438 1505 499 1549 non
516 1489 549 1549 in
572 1489 729 1568 templum.
751 1487 835 1548 Unde
854 1506 914 1549 non
933 1487 1024 1549 violat
1045 1490 1069 1549 l.
1093 1492 1126 1552 Si

108 1608 125 1638 ιι
152 1580 286 1660 pauoulae
298 1585 390 1658 patto
402 1576 542 1654 alueum
555 1578 624 1655 quia
641 1594 702 1637 non
722 1584 766 1637 cst
785 1575 899 1638 effusio.
919 1602 933 1631 ι
959 1576 1127 1655 (Utde‘caat

108 1663 203 1728 etiam
219 1662 412 1726 emamaniter
421 1660 532 1723 Beaed.
543 1663 634 1724 XIV.
649 1661 684 1722 de
695 1660 782 1722 Miss.
795 1669 816 1722 t.
830 1662 860 1720 9.
873 1657 895 1719 l.
908 1662 938 1722 5.
955 1680 982 1722 ι.
997 1661 1027 1722 7.
1041 1659 1128 1724 attat

107 1751 146 1814 aa
159 1746 265 1812 Saatt.
280 1769 312 1810 ιι.
329 1751 398 1810 578.
415 1766 483 1808 cam
503 1744 565 1808 Fet.
578 1749 689 1807 Potest.
704 1753 733 1806 et
747 1743 840 1805 Salen.
855 1742 926 1807 etia.
941 1765 973 1806 ιι.
990 1747 1039 1807 69.
1057 1764 1125 1807 cane

104 1834 179 1898 Die.
190 1832 273 1896 Phil.
287 1843 316 1896 et
331 1831 416 1911 aliis,
428 1832 516 1912 iclqae
526 1839 609 1915 patet
627 1849 663 1892 ec
674 1848 700 1891 c.
712 1828 747 1890 Si
760 1827 952 1902 Ecclesiaelo.
968 1829 1003 1892 de
1014 1847 1122 1894 consec.

105 1917 192 1982 Eccl.
218 1917 272 1981 ati
292 1917 425 1980 dieitur:
441 1918 472 1978 Si
490 1916 616 1978 Ecclesia
634 1934 696 1976 non
721 1921 886 1976 consecrata
914 1915 1123 1996 cujuscumque

106 2009 203 2070 iucrit
227 2008 360 2083 semine,
380 2015 431 2068 aut
456 2005 607 2085 sanguinis
623 2004 764 2066 effusione
782 2003 912 2082 polluta,
930 2005 1006 2084 aqui
1034 2006 1124 2085 proti·

106 2089 168 2153 nos
182 2092 344 2153 exorcizata
365 2092 490 2152 lavetur.
510 2090 593 2152 Nota
611 2096 641 2151 to
657 2088 807 2167 sanguinis
827 2088 969 2150 allusione
985 2109 1052 2171 qaae
1075 2108 1123 2153 ca·

103 2174 195 2261 piam
207 2174 385 2257 sipne'ficat.)
405 2201 418 2231 ι
439 2177 479 2237 11.
498 2174 529 2235 Si
555 2193 591 2234 ex
617 2175 805 2254 percussione
823 2175 871 2235 vel
893 2175 1016 2245 vulnere
1043 2176 1120 2249 levi,

107 2285 124 2316 ιι
148 2279 178 2322 v.
190 2280 236 2340 gr.
247 2261 366 2322 narium
384 2261 418 2321 in
435 2261 498 2320 rixa
517 2265 696 2337 puerorum,
719 2258 833 2319 etiamsi
851 2259 984 2337 copiosus
1004 2262 1122 2338 sanguis

107 2370 123 2401 ιι
147 2345 259 2407 effluat.
279 2370 294 2400 ι
317 2345 379 2424 (lta
397 2343 490 2406 etiam
500 2342 584 2407 etta
594 2342 647 2406 loo.
660 2342 711 2403 ιιι.
722 2340 844 2425 Lupod.
863 2346 911 2404 20.
923 2363 956 2405 ιι.
972 2346 1034 2417 ll,
1049 2344 1122 2423 qaia

106 2430 143 2491 ιἰι
173 2432 227 2492 Ιιοι
250 2428 443 2491 communiter
463 2447 524 2490 aon
545 2426 629 2490 caat
646 2435 796 2509 peccatam
822 2425 957 2492 mortale.
971 2430 1038 2507 Ιιιιὸ
1057 2430 1119 2504 Sa,

105 2534 140 2575 v.
160 2512 292 2576 Ecclesia
308 2514 589 2578 ιιιιιιι.15.1)ι”αιιιι
613 2531 646 2594 p.
669 2512 699 2572 5.
722 2519 759 2572 tr.
779 2514 810 2575 6.
836 2531 864 2574 r.
888 2514 937 2574 26.
967 2521 996 2574 et
1013 2515 1118 2591 satas,

109 2597 189 2662 Vict.
208 2596 444 2680 EspMarelel'a.
459 2617 493 2659 aa
513 2597 611 2678 Graff.
634 2616 686 2680 ap.
704 2597 808 2661 Esoob.
835 2596 856 2659 l.
877 2600 927 2659 21.
950 2616 982 2658 ιι.
995 2599 1064 2659 572.
1088 2600 1123 2661 ia

103 2682 271 2747 extendant
282 2685 371 2745 etiam
386 2682 427 2745 ad
447 2680 583 2759 adelmo,
599 2682 673 2761 qaia
688 2682 813 2761 sanquis
828 2683 844 2743 e
860 2681 985 2745 cambas
1000 2682 1121 2765 effluens

103 2786 170 2829 aton
188 2766 299 2829 dicitur
310 2769 432 2850 proprie
447 2764 563 2847 effluere
576 2768 592 2826 e
603 2765 724 2827 vumere
735 2766 802 2827 ιιὶιιι
819 2764 1017 2915 enasopocile
1028 2768 1123 2833 soleat

102 2854 231 2935 saapais
246 2871 396 2915 ιιιιαιιαιι.
408 2851 465 2915 Sed
476 2848 660 2934 probaticae
673 2856 751 2914 Bon.
763 2852 797 2914 dc
815 2861 905 2915 noete.
943 2896 951 2915 .
966 2856 996 2915 9.
1013 2874 1045 2935 p.
1061 2854 1118 2918 att.

103 2960 139 3000 ιι.
159 2942 209 3000 26.
223 2946 252 2999 et
267 2937 370 3000 Escob.
395 2956 426 2999 ιι.
447 2939 515 2998 576.
536 2955 603 2998 caeo
623 2936 742 3019 Syloio,
760 2941 830 3002 Con.
852 2945 881 3005 et
906 2940 1015 3002 Fruno.
1036 2943 1119 3022 tayo

98 3030 217 3107 putant
228 3020 337 3084 violari
348 3019 526 3097 Ecclesiam,
540 3023 568 3083 si
586 3018 654 3084 talis
667 3021 770 3102 effusio
790 3021 986 3085 occideteum
1003 3034 1120 3105 peccota

102 3096 246 3173 retortalt',
266 3100 339 3180 qaia
362 3106 431 3159 tanc
448 3098 518 3179 jam
539 3098 625 3161 adest
639 3098 743 3181 effusio
756 3100 887 3184 praviter
902 3102 936 3162 ιἰι
956 3097 1119 3163 Ecclesiam

102 3182 278 3265 injuriosa.)
306 3208 319 3239 ιι
340 3186 394 3245 lll.
417 3185 447 3244 Si
465 3183 518 3246 liat
543 3203 580 3245 cx
605 3186 734 3249 sectione
755 3202 849 3249 venae.
875 3188 928 3251 lV.
945 3186 1035 3247 Actus
1053 3206 1121 3248 con-

102 3294 116 3322 ιι
139 3267 247 3349 jugalis
262 3314 271 3342 ‚
285 3268 404 3348 quando
417 3270 595 3331 excusatura
611 3271 776 3349 sacrilegio.
790 3297 804 3326 ιι
818 3268 906 3351 (Vide
920 3266 999 3329 dieta
1015 3268 1049 3330 de
1065 3270 1117 3333 leoc

100 3348 126 3414 l.
146 3355 221 3415 Ino.
246 3351 329 3433 658.)
348 3378 361 3408 ιι
372 3354 411 3414 V.
432 3354 599 3416 Fornicatio
618 3356 692 3418 iacta
706 3356 744 3416 ab
772 3363 899 3416 amante.
917 3352 968 3415 vl.
989 3356 1118 3419 Pollutio

12 3502 16 3507 ,
101 3464 118 3494 ιι
144 3437 315 3519 inculpata3
338 3435 404 3500 otae
424 3436 459 3501 aa
471 3440 553 3522 Lupo
571 3438 602 3502 d.
619 3444 668 3501 26.
683 3459 716 3501 ιι.
732 3441 781 3501 ot.
796 3447 825 3500 et
838 3440 886 3500 55.

144 3526 215 3585 566.
228 3554 268 3567 -
286 3545 301 3576 a
320 3524 351 3584 5.
366 3525 423 3583 Per
442 3526 626 3604 sepulturam
640 3524 885 3586 excommunicati
904 3526 1115 3602 consolanti,

99 3633 117 3666 ιι
141 3610 190 3669 vel
204 3603 333 3669 infidelis
346 3609 417 3688 (quo
428 3612 549 3672 nomine
567 3606 617 3669 hic
637 3627 697 3670 non
717 3609 927 3689 comprehendi
944 3609 1115 3675 hoereticum

100 3720 118 3752 ιι
144 3694 232 3758 docet
255 3691 345 3757 Cara.
369 3693 405 3757 de
417 3698 498 3779 Lupo
520 3692 542 3758 l.
559 3713 585 3760 e.
599 3713 633 3759 a.
650 3694 723 3776 57),
744 3698 832 3760 etiam
851 3696 972 3761 insontis
990 3709 1025 3761 ut
1040 3718 1075 3759 er
1088 3719 1114 3759 c.
