2450 3975
117 217 177 281 208
344 212 410 278 tit.
424 214 454 274 6.
474 214 572 274 itaet.
587 213 618 273 5.
633 211 677 272 04
690 207 895 273 Eucharistio.

118 338 152 380 4.
165 321 196 382 2.
210 312 304 380 Sulm.
317 313 353 378 o
363 333 443 377 4444.
458 312 544 376 ruico.
558 332 584 374 4.
601 315 632 373 4.
657 331 691 394 ρ.
705 315 735 375 2.
749 331 781 372 4.
804 311 853 371 67.
872 311 975 372 Maza.
998 311 1034 373 de
1051 329 1130 376 saer.

118 402 202 464 raiae.
215 422 240 463 4.
255 404 284 462 5.
299 399 328 482 S.
346 404 378 463 2.
398 401 485 482 Sper.
496 397 559 460 eod.
572 396 619 459 ot.
632 415 658 459 4.
672 399 702 458 6.
715 417 748 460 4.
765 397 834 457 444.
850 393 972 457 crciari.
992 398 1024 458 6.
1042 416 1077 479 p.
1100 401 1132 462 2.

118 506 151 548 4.
164 488 232 548 280.
248 489 340 550 lione.
356 484 420 547 eod.
442 482 488 544 tit.
506 501 532 543 c.
548 483 577 543 6.
590 498 643 561 qu.
660 481 691 542 4.
708 482 761 560 qui
780 498 882 542 omnes
903 481 1028 556 dicunt,
1047 485 1137 544 sulli-

117 587 185 632 eere
204 572 241 633 acl
267 571 462 651 pollutionem
485 568 693 629 notorietntem
712 567 775 627 sive
789 564 884 642 juris,
906 567 968 626 sive
992 568 1082 644 lacti;
1103 579 1136 630 et

118 655 177 720 hoc
195 667 277 738 patet
296 656 373 718 clare
389 673 425 716 ex
435 672 461 714 c.
474 650 658 734 Siqnificocti
675 650 711 714 da
734 651 898 714 adultuli
915 654 954 714 ob
970 655 1138 719 444444444-

118 755 181 806 tem
205 742 322 804 tantrim
344 740 411 802 lacti
438 740 496 799 fuit
518 737 720 811 declaratum,
743 739 900 799 Ecclesiam
915 757 977 799 esse
1000 742 1138 803 reconci-

119 829 261 891 liandam.
276 829 312 889 Et
323 844 359 886 ex
377 824 481 886 eodem
497 832 579 885 textu
605 823 759 886 manifeste
779 826 892 902 paritor
905 825 1077 899 deducitur,
1098 838 1135 891 ut

118 913 223 974 dicunt
235 914 323 973 etium
341 914 420 971 Lete.
433 905 486 970 tit.
505 910 537 969 4.
554 926 580 968 4.
597 910 628 970 5.
652 907 962 972 remunetione.
984 909 1020 971 dc
1038 912 1133 977 misso

118 995 214 1078 proti.
231 999 280 1058 74.
298 1014 331 1056 4.
350 997 420 1056 598.
443 1012 510 1056 cum
524 995 606 1055 Nau.
632 993 742 1055 Suari.
767 994 858 1068 Axur,
870 1003 923 1056 etc.
946 995 1046 1075 quid,
1062 996 1134 1062 cium

119 1083 232 1142 crimen
255 1082 344 1142 etiam
357 1089 505 1142 secretum
520 1078 611 1140 luerit
623 1123 633 1154 ,
644 1081 668 1140 si
680 1087 779 1140 tamen
792 1089 890 1159 postea
904 1080 940 1146 fit
957 1081 1130 1160 publicum,

115 1165 181 1227 sine
196 1183 272 1226 nova
286 1167 371 1245 culpa
388 1165 512 1228 Ecclesia
532 1173 668 1226 censetur
684 1165 804 1226 violata.

163 1273 177 1303 4
198 1251 227 1310 4.
241 1251 421 1314 Perfectum
437 1252 470 1313 in
483 1248 723 1312 cohomicidium
744 1251 908 1311 mortalitor
928 1253 1058 1328 malum,
1078 1271 1133 1318 seu

119 1355 135 1390 ι
159 1332 339 1414 injuriosum
354 1381 364 1408 ‚
378 1337 483 1400 saltem
502 1335 684 1399 immunitati
698 1335 832 1396 Ecclesiae
846 1379 854 1406 ‚
868 1337 955 1413 quale
965 1339 1054 1400 etiam
1066 1350 1131 1416 eet,

117 1445 135 1476 a
158 1424 240 1502 quod
258 1425 328 1484 alias
342 1424 457 1502 justum
469 1431 544 1485 esset
560 1441 615 1502 per
624 1424 800 1484 sententiam
816 1422 925 1500 judicis
938 1446 948 1502 ς
962 1427 1018 1487 nisi
1031 1437 1134 1494 tomen

118 1530 134 1564 ι
163 1509 240 1585 reip.
259 1507 450 1586 perturbator
471 1508 560 1569 aliter
578 1509 644 1586 capi
670 1525 731 1569 non
755 1518 863 1586 posset.
883 1511 950 1572 Non
968 1521 1012 1573 est
1030 1523 1134 1579 cutem

119 1617 136 1653 ι
159 1594 218 1657 4444
235 1596 259 1655 4.
274 1593 356 1674 quod
381 1595 417 1655 lit
431 1610 520 1666 casu,
538 1593 586 1654 vel
607 1592 646 1653 44)
661 1602 798 1672 amente;
813 1595 851 1656 ll.
862 1596 943 1672 quod
964 1597 997 1659 in
1016 1599 1062 1660 sui
1079 1599 1135 1662 de·

119 1707 135 1742 0
158 1681 321 1745 sensionem
336 1701 346 1759 3
359 1681 413 1741 lll.
424 1677 508 1757 cujus
525 1697 610 1740 causa
622 1678 690 1739 data
705 1688 749 1740 est
762 1689 845 1754 extra
866 1681 1025 1744 Ecclesiam
1038 1703 1048 1742 z
1059 1686 1134 1764 quia

119 1792 136 1828 ι
159 1770 344 1849 requiritur,
371 1775 406 1828 ut
419 1765 528 1829 vulnus
552 1766 614 1826 sive
632 1783 716 1826 ccusa
740 1763 860 1844 physica
878 1765 931 1828 fiat
946 1768 1026 1833 intre
1037 1769 1138 1835 Eccle-

119 1877 135 1915 4
158 1854 244 1915 sium.
260 1851 333 1914 Vecte
345 1849 433 1913 Curat.
448 1849 483 1913 de
493 1851 575 1932 Lupo
586 1849 618 1912 al.
631 1853 680 1912 40.
693 1867 719 1911 e.
737 1852 767 1912 2.
778 1869 811 1910 4.
826 1851 876 1911 55.

157 1937 309 2013 Quaeritur
325 1955 364 1998 un
388 1937 517 1998 violetur
538 1937 687 2009 Ecclesia,
700 1935 725 1997 si
744 1936 872 1998 insertur
893 1936 1002 1999 vulnus
1021 1938 1132 2005 lethale

118 2020 183 2087 elne
200 2022 351 2099 sanguinis
363 2020 507 2083 effusione
526 2020 605 2082 intra
628 2021 806 2094 Ecclesiam,
827 2030 859 2083 et
870 2039 950 2083 mors
963 2032 1045 2085 extra
1063 2044 1133 2091 eom

117 2105 286 2185 contingit?
298 2108 416 2185 Negant
437 2105 528 2166 Suor.
543 2103 574 2165 ct.
593 2107 644 2166 84.
665 2123 691 2167 4.
705 2108 735 2167 4.
757 2108 837 2169 Aror
857 2104 878 2167 l.
897 2109 945 2168 40.
965 2128 991 2170 4.
1004 2112 1053 2171 06.
1075 2128 1131 2192 qu.

119 2192 169 2255 45.
185 2199 214 2251 44
230 2192 335 2251 Diana
347 2208 380 2270 p.
402 2190 433 2252 6.
455 2196 493 2249 tr.
511 2190 542 2250 6.
556 2207 582 2249 r.
603 2191 654 2251 26.
673 2208 740 2250 curu
748 2192 849 2271 Praep
865 2198 892 2252 et
904 2194 989 2273 Req„
1002 2195 1072 2273 quia
1094 2196 1130 2259 in

117 2296 145 2344 4.
159 2274 347 2359 Proposuisti
360 2274 397 2337 de
414 2290 524 2337 444444.
546 2270 627 2335 Ecct.
648 2275 834 2352 requiritur,
856 2282 892 2335 ut
907 2276 1032 2352 dicunt,
1048 2280 1131 2359 quid

116 2374 201 2446 inore
220 2363 298 2423 intra
322 2359 480 2422 Ecclesium
508 2368 660 2438 sequntur.
690 2359 747 2419 Sed
772 2360 956 2438 probabilius
980 2362 1129 2429 affirmant

116 2451 201 2529 lupo
215 2447 245 2511 cl.
262 2449 310 2508 20.
326 2466 359 2508 4.
380 2448 430 2509 65.
446 2462 514 2511 euru
530 2445 681 2509 communi
689 2492 700 2523 ,
712 2447 818 2527 Eopm.
838 2466 864 2509 c.
886 2452 915 2512 ii.
929 2470 962 2511 4.
977 2451 1007 2529 8.
1032 2450 1127 2515 Sator.

117 2533 190 2597 ibid.
209 2553 242 2594 4.
263 2533 312 2594 68.
331 2530 477 2595 44714446.
492 2528 514 2591 t.
533 2534 584 2593 et.
596 2551 630 2593 4.
648 2532 716 2594 574.
731 2550 798 2593 cum
813 2535 893 2595 Noc.
911 2536 982 2595 Coo.
1002 2538 1132 2599 444444-

117 2619 225 2697 4ὴὶ44·
238 2616 303 2681 tium
329 2617 399 2697 quia
418 2622 515 2677 textus
530 2634 592 2678 non
606 2616 748 2695 exprimit
763 2618 878 2696 requiri
900 2628 1026 2681 mortem
1049 2621 1129 2681 intra

119 2708 295 2781 Ecclesiam,
315 2701 385 2766 crim
412 2702 456 2764 ibi
469 2702 585 2764 dicatur
603 2700 720 2765 tontum
735 2722 743 2763 a
759 2701 928 2766 Hernicidr'o
955 2705 1131 2785 coutiopuat

117 2788 188 2871 ficri
197 2814 210 2864 ,·
227 2797 256 2849 ct
278 2784 443 2868 aliquando
464 2784 796 2869 oulwoirtseruotur3
818 2798 848 2850 et
862 2798 932 2849 tunc
945 2790 1060 2867 requiri
1080 2808 1129 2851 re*

118 2871 354 2937 conciliationem
368 2891 377 2932 ε
392 2870 464 2950 ergo
481 2890 517 2934 ex
540 2881 622 2933 textu
648 2890 833 2952 nequaquam
855 2872 1021 2949 requiritur
1045 2892 1129 2937 mors

120 2962 198 3022 intra
221 2955 378 3017 Ecclesiam
402 2963 526 3032 secuta3
553 2954 618 3017 tum
638 2958 708 3035 quia
737 2956 845 3017 sufficit
870 2956 908 3015 ad
935 2955 1130 3021 violationem

121 3042 275 3115 Ecclesioe‚
300 3047 336 3100 ut
363 3056 447 3100 causa
472 3040 578 3101 mortis
596 3038 715 3119 physica
733 3041 811 3100 intra
830 3038 986 3100 Ecclesiam
1006 3037 1074 3101 data
1088 3044 1131 3107 sit

121 3131 255 3213 {dicimus
272 3122 396 3209 physico
408 3167 417 3196 ‚
431 3141 501 3185 nam
512 3124 588 3186 beot
599 3124 684 3201 ajunt
700 3122 803 3185 Escob.
816 3132 845 3183 et
856 3125 939 3203 Lupo
958 3116 992 3182 u.
1006 3141 1046 3185 44.
1065 3144 1129 3191 444

121 3216 254 3278 sufficere
270 3228 385 3273 causam
397 3208 538 3272 moralem
550 3251 558 3278 ‚
571 3226 679 3288 nempe
691 3206 880 3279 mundatum,
895 3207 957 3268 sive
971 3208 1129 3275 consilium

119 3298 272 3363 homicidii
286 3297 390 3357 datum
410 3294 442 3356 in
461 3292 607 3371 Ecclesia).
623 3294 660 3355 Et
674 3294 716 3357 sic
732 3295 823 3356 ctiam
841 3292 969 3355 violatur
988 3293 1128 3369 Ecclesia,

119 3396 153 3447 ut
170 3385 275 3446 dicunt
287 3376 369 3469 lupo
382 3394 465 3442 oum.
483 3380 532 3442 65.
544 3385 572 3439 ct
588 3377 691 3444 Escob.
705 3398 738 3441 4.
750 3382 820 3443 577.
834 3396 900 3441 cum
920 3378 1011 3438 Scor.
1026 3378 1126 3459 Graff.

119 3466 199 3545 Sptv.
213 3468 317 3541 Axur,
345 3467 425 3527 Ναυ.
446 3459 509 3526 Tot.
521 3461 600 3526 Avtt.
612 3466 684 3546 Req.
699 3473 727 3527 et
744 3468 831 3547 Sayr.
847 3464 961 3545 (444444
981 3460 1076 3523 Dion.
1092 3484 1126 3541 p.

117 3551 147 3606 6.
161 3556 245 3607 tract
263 3552 292 3608 6.
307 3567 335 3607 r.
346 3550 396 3609 47.
411 3550 602 3613 ctl'crsr‘cum
616 3550 699 3632 apud
719 3550 823 3615 Esccb.
837 3572 870 3613 4.
889 3546 969 3625 575.)
983 3545 1007 3607 si
1020 3547 1127 3609 vulnus

114 3626 169 3689 fiat
186 3626 265 3685 intro
288 3632 445 3695 Ecclesiam
458 3678 467 3711 ,
481 3646 512 3698 ct
526 3638 644 3717 sanguis
656 3636 797 3704 tundatur
815 3647 919 3714 eauo3
938 3631 1006 3711 quia
1028 3632 1126 3693 Eccle-
