2450 3975
378 166 617 252 lndearapitam
633 168 841 233 etdnbiorum.
1055 172 1113 231 165

100 276 164 339 511
184 275 227 337 De
245 274 338 338 raissa
354 270 543 337 conventuali
556 272 685 353 quotidie
704 270 885 336 celebranda.

101 362 164 423 515
182 362 229 420 De
247 358 423 505 oblpptiom
438 356 554 422 dicendi
567 366 692 441 ternpore
703 356 797 419 debito
814 355 921 419 missas
932 374 986 439 pro
999 364 1112 439 accepto

220 446 260 504 sti
279 464 294 505 e
336 443 376 505 io.

100 526 162 589 516
184 464 327 601 Qualem
349 524 546 609 pranotonda
561 525 640 589 eirca
660 523 804 606 oripimm
822 524 973 608 stipendii.

100 611 161 675 517
183 612 240 688 Qu.
257 614 286 672 1.
300 614 348 673 Aa
362 609 448 673 liceat
462 609 606 673 sacerdoti
620 608 707 672 diviti
724 608 850 690 accipere
866 608 1044 689 stipendium
1057 628 1110 689 pro

218 693 329 779 missis.¹
339 699 382 757 Et
394 715 435 757 an
444 702 540 777 peccet
550 694 699 774 praviter,
713 694 767 773 qui
772 691 978 775 principaliter
990 692 1113 758 celebrat

217 796 274 860 pro
292 779 449 863 stipendia.
468 779 527 854 Qu.
542 780 589 841 11.
607 777 756 855 Quomodo
773 785 866 857 peccet
880 778 1013 840 sacerdos
1027 778 1113 858 diffe-

219 862 309 924 rendo
328 862 556 926 celebrationem.
569 866 612 924 Et
629 882 696 943 qua
710 858 814 924 dilatio
826 871 976 924 censeatur
986 862 1109 926 modica.

220 946 317 1023 Quid,
329 947 360 1009 ei
376 948 475 1010 missae
494 946 656 1008 tradantur
677 944 892 1007 coanmunitati.
910 948 968 1021 Qu.
987 950 1049 1008 111.
1064 948 1113 1007 An

216 1039 311 1111 peccet
325 1032 458 1117 praviter
477 1032 611 1094 sacerdos
635 1031 771 1093 omittens
795 1050 912 1093 samam
931 1033 1112 1113 promissum

217 1118 272 1195 pro
286 1134 382 1197 paruo
400 1114 556 1197 stipendio.
576 1116 634 1192 Qu.
648 1118 667 1177 1
673 1118 707 1180 V.
723 1113 818 1194 Quid,
836 1114 864 1177 si
880 1114 973 1179 musa
984 1115 1026 1179 sit
1039 1136 1111 1199 pra·

219 1198 294 1261 tuito
307 1200 469 1281 premissa.

97 1284 163 1349 518
180 1282 229 1347 Aa
247 1282 334 1345 licem
356 1284 484 1365 decipere
501 1285 681 1368 stipendium
702 1303 758 1367 pro
778 1282 976 1366 applicatione
994 1284 1112 1367 fractus

217 1367 434 1467 specialissimi.
448 1373 492 1434 Et
503 1390 545 1434 aa
560 1370 690 1456 accipere
708 1368 800 1451 plara
817 1368 966 1452 stipendia
977 1387 1034 1453 pro
1048 1388 1112 1433 una
1170 1386 1173 1391 “

217 1472 322 1517 missa.

97 1536 161 1598 519
178 1535 204 1597 Α
219 1554 299 1617 pao,
319 1548 349 1602 et
364 1539 508 1622 qnmnodo
521 1540 688 1603 tonandum
707 1540 749 1603 sit
762 1539 952 1623 stipendium.

95 1622 162 1684 510
178 1620 259 1684 nno.
274 1626 304 1687 1.
316 1627 364 1687 An
380 1624 529 1707 repuleres
547 1634 703 1689 tencantur
717 1644 833 1689 screare
846 1633 948 1687 tanam
957 1626 1108 1708 Episcopi.

215 1708 297 1771 Duo.
311 1711 342 1771 1.
359 1713 407 1771 Aa
423 1710 589 1793 Episcopus
604 1714 700 1793 possit
714 1710 883 1791 pralibtre,
897 1727 934 1771 ne
946 1710 1111 1791 accipiatur

216 1790 398 1873 stipendium
417 1794 519 1875 majus
539 1799 624 1855 tant.
645 1795 725 1857 Duln
748 1796 777 1855 5.
799 1796 866 1866 tn,
887 1813 924 1856 ne
947 1794 1111 1875 accipiatur

216 1875 396 1957 stipendium
408 1880 519 1940 minus.
534 1880 582 1939 An
598 1887 697 1940 autem
711 1878 766 1957 qui
776 1878 1041 1960 occeperimpossit
1052 1877 1110 1939 mi·

216 1976 306 2023 nuere
322 1980 481 2025 nonrerum
499 1960 670 2027 missarum.
689 1961 770 2026 Dnb.
785 1963 815 2021 1.
831 1962 879 2023 Aa
900 1958 986 2025 liceat
999 1962 1111 2044 pacisci

217 2041 252 2105 de
266 2046 423 2128 stipendio.
441 2048 521 2111 Dal.
540 2051 569 2110 5.
588 2048 736 2127 Quomodo
751 2047 917 2109 tonandum
929 2047 1108 2130 stipendium

216 2130 394 2199 missarum.
414 2150 490 2214 prees
507 2130 629 2214 reliquit
644 2140 774 2194 testator.

95 2213 155 2276 511
176 2213 248 2275 Non
269 2212 336 2276 licet
353 2214 494 2279 celebrare
512 2235 568 2297 per
587 2215 702 2292 alium,
719 2221 831 2279 retcntd
849 2225 936 2300 parte
956 2215 1106 2298 stipendii.

214 2298 355 2380 Exceptio
366 2303 394 2360 1.
403 2301 438 2361 Si
446 2299 626 2381 stipendium
641 2299 727 2361 detur
739 2302 852 2362 intuitu
865 2319 1005 2382 personne.
1014 2304 1108 2362 Ence-

215 2380 278 2460 ptio
292 2386 339 2443 II.
352 2383 387 2443 Si
400 2381 477 2445 alter
490 2383 623 2446 sacerdos
638 2388 703 2447 oerl
713 2389 816 2466 sponti
827 2385 967 2447 condonet
978 2393 1105 2464 partem.

215 2466 375 2548 Excipitur
393 2470 457 2529 111.
472 2467 705 2548 Beneficiarins,
721 2468 891 2552 capellanus
904 2515 912 2542 ‚
925 2479 954 2530 et
973 2468 1107 2532 sacerdos

216 2548 363 2631 oblipatas
379 2571 416 2613 ea
436 2550 529 2634 lepato
546 2553 604 2615 sibi
618 2551 716 2615 relicto
732 2558 788 2616 sud
800 2557 862 2616 aito
879 2553 1016 2616 durante.

93 2635 158 2698 511
178 2634 257 2695 Dnb.
279 2638 308 2696 1.
326 2641 393 2709 Aa,
413 2637 468 2718 qui
487 2638 593 2700 retimt
614 2648 730 2719 portem
751 2639 892 2720 stipendii
913 2647 1045 2700 teneatur
1066 2638 1107 2701 ad

215 2719 438 2784 restitutionem.
453 2725 496 2784 Et
511 2725 561 2785 cui
573 2723 795 2786 restituendum.
817 2725 897 2786 Dnb.
917 2727 947 2784 1.
972 2721 1051 2804 Quid
1071 2723 1106 2786 do

213 2814 420 2884 promentem,
437 2804 484 2868 ael
495 2815 644 2868 executore
660 2808 834 2868 testamenti.
846 2807 926 2869 Dub.
942 2809 970 2868 5.
983 2809 1031 2868 An
1048 2805 1105 2869 col·

214 2887 508 2974 lipeaselctmospnas
516 2891 610 2973 possit
615 2900 732 2972 partem
741 2893 864 2955 retinere
871 2911 927 2974 pro
935 2912 989 2954 suo
997 2890 1103 2954 labore.

214 2973 295 3035 Dnb.
308 2976 338 3036 1.
351 2978 399 3036 Aa
410 2974 527 3056 possint
536 2977 713 3037 commutari
722 2975 820 3039 neissoe
832 2976 955 3058 majoris
966 2971 1105 3058 stipendii

214 3075 279 3119 eum
296 3058 397 3122 censis
408 3059 631 3121 minorisltub.
647 3063 675 3120 o.
688 3063 736 3122 An
747 3060 999 3124 administratores
1008 3057 1105 3123 Eccle-

214 3142 329 3206 siarum
344 3143 462 3224 possint
475 3142 592 3225 aliquid
609 3142 732 3206 retinere
747 3163 803 3226 pra
822 3144 968 3226 carpensis.

93 3229 157 3294 515
176 3229 221 3288 De
240 3224 413 3323 oblipotione
429 3227 665 3310 beneficiatorum
677 3237 706 3289 et
717 3228 914 3310 parochorum
934 3226 1105 3311 applicandi

212 3329 330 3374 messos.

93 3399 157 3462 511
179 3397 237 3474 Qu.
252 3399 280 3456 1.
298 3395 354 3458 Cui
370 3389 493 3459 deleant
507 3393 658 3478 applicare
670 3395 778 3459 missas
790 3394 953 3476 beneficiati
967 3405 996 3459 et
1009 3395 1104 3478 copel·

216 3477 283 3540 lani
297 3478 494 3556 monialium,
508 3488 562 3540 aut
574 3479 862 3560 confraternitatum.
876 3479 973 3554 Quid,
986 3482 1015 3542 si
1023 3480 1105 3560 capi·

215 3559 273 3624 tole
291 3561 480 3647 scindationis
503 3561 653 3646 beneficii,
676 3572 730 3627 aut
753 3562 924 3648 capellanie
942 3563 983 3626 sit
1003 3563 1104 3645 inpiu-
