2450 3975
136 286 372 369 probabilitatem
382 289 576 349 extrinsecam
590 294 687 366 posset
701 286 766 363 quis
778 284 952 363 opinionem
968 285 1154 347 contrariam

135 373 368 449 seq11i‚utcndo
390 375 535 451 sententie
567 374 689 434 illorum
715 371 775 431 ΛΑ.
798 370 848 447 qui
867 368 970 430 dicunt
1000 388 1063 430 non
1093 388 1156 430 csse

136 458 345 537 obligationem
360 457 471 520 iterium
491 457 656 537 explicandi
677 464 825 535 peceatum
845 453 927 533 priris
940 455 1110 515 confessum
1124 462 1157 517 ul

136 542 261 604 sturbium
273 587 283 615 ,
295 546 318 603 si
339 554 437 622 postea
454 553 591 605 noscatur
609 549 645 602 ut
662 549 788 601 eertum.
808 540 865 600 Sed
879 538 955 601 bene
979 542 1156 619 opinionem

134 628 197 705 jam
215 629 441 707 reprobavimus
454 646 522 689 curn
537 626 689 689 communi
702 643 735 686 n.
750 626 820 685 178.

176 714 287 774 Dicunt
302 716 355 775 111.
372 710 519 774 Salmone.
529 712 565 773 rie
578 711 684 793 punit.
697 730 722 771 e.
741 711 769 769 9.
777 728 810 790 p.
823 711 850 769 5.
869 728 900 770 o.
917 712 965 770 15.
978 728 1047 771 eunt
1058 714 1154 779 Hem.

138 800 276 880 Fupoou.
295 801 387 875 Diup.
398 807 425 858 et
438 797 566 869 Diceret,
577 796 657 876 qnod
672 796 794 870 rustici,
807 795 858 871 qui
872 795 935 853 sine
946 796 1030 873 culpa
1047 800 1156 858 omise-

138 893 211 944 runt
223 884 368 962 explicare
382 901 540 944 numerum
564 891 772 963 poeoniorum,
793 899 853 940 non
865 888 1006 940 tenentur
1017 893 1156 961 repetere

138 971 352 1035 confessiones,
376 988 443 1030 cusu
460 988 521 1047 quo
546 970 727 1031 uniformem
741 967 885 1027 rationem
905 967 1025 1028 vivendi
1051 980 1157 1031 tenue·

138 1055 200 1114 rint
216 1057 245 1113 in
259 1057 416 1133 praeteritis
436 1056 542 1128 annis,
574 1055 616 1115 ita
646 1062 682 1113 ut
709 1072 746 1115 ex
766 1052 945 1113 confessione
973 1056 1065 1115 unius
1085 1062 1155 1120 anni

138 1140 328 1199 confessarius
347 1140 439 1219 possit
458 1142 528 1201 alias
540 1139 700 1217 conjicere.
717 1140 779 1200 lloc
803 1138 842 1197 ita
857 1138 990 1217 generice
1010 1152 1157 1203 assertum

139 1242 235 1303 neque
260 1227 420 1304 satisfacit3
451 1246 522 1289 nam
551 1226 581 1287 id
610 1224 727 1286 tnntrim
770 1242 873 1285 censeo
903 1241 987 1301 posse
1011 1225 1154 1301 admitti,

139 1311 258 1389 quando
277 1314 308 1373 in
335 1314 482 1392 principio
505 1311 694 1374 confessionis
718 1311 864 1391 poenitens
895 1310 1066 1386 patefecerit
1087 1332 1155 1373 con-

139 1397 257 1456 fessario
276 1401 429 1477 presenti,
445 1397 524 1477 quod
538 1402 568 1458 in
582 1398 668 1457 annis
692 1396 851 1475 praeteritis
875 1411 991 1473 semper
1008 1398 1156 1457 confessus

138 1481 177 1541 sit
199 1482 296 1551 male,
323 1502 482 1544 numerum
506 1483 688 1552 omittendo,
712 1489 743 1541 ct
760 1479 952 1540 confessarius
978 1479 1016 1539 ab
1043 1482 1155 1557 initio,

139 1566 350 1627 confessionem
365 1568 537 1646 excipiendo
555 1568 634 1627 illius
650 1568 738 1636 anni,
754 1566 893 1626 efformet
906 1565 995 1625 simul
1008 1564 1155 1641 judicium

138 1651 177 1711 de
204 1653 288 1711 annis
309 1653 477 1731 preteritis.
501 1649 588 1712 Sectis
612 1650 684 1712 verb
706 1651 886 1719 dicendum,
913 1650 936 1708 si
961 1652 1157 1713 confessarius

139 1746 206 1816 post
223 1738 435 1799 confessionem
463 1748 614 1817 exceptam
637 1738 717 1798 illius
743 1738 813 1795 anni
835 1736 989 1805 advertat,
1014 1740 1157 1814 poeniten·

140 1834 200 1885 tem
217 1826 349 1887 omisisse
369 1844 528 1886 numerum
543 1825 687 1903 explicare
700 1825 731 1884 in
745 1823 949 1901 superioribus
964 1824 1051 1883 annis
1062 1846 1072 1901 3
1085 1834 1157 1885 tunc

140 1909 220 1969 enim
233 1954 241 1980 ,
255 1910 280 1969 si
299 1928 335 1971 ex
352 1912 533 1971 confessione
547 1910 684 1989 praesenti
701 1908 807 1969 babeat
833 1908 1002 1967 distinctam
1019 1911 1157 1971 notitiem

139 2005 347 2074 peccatorum,
366 1999 475 2074 poterit
500 1997 622 2074 quidem
648 1995 733 2074 (quin
755 2003 928 2072 repetentur
954 1994 1073 2071 priores
1094 2016 1158 2058 eon·

138 2079 287 2158 sessiones)
307 2081 437 2139 formare
453 2081 542 2140 simul
561 2082 735 2140 distinctum
755 2079 902 2157 judicium
919 2078 956 2138 de
978 2081 1064 2139 annis
1087 2101 1158 2160 prae

140 2165 258 2241 teritis3
278 2163 328 2224 sed
354 2165 377 2223 si
396 2183 433 2224 ex
453 2166 637 2224 confessione
664 2166 800 2245 praesenti
824 2163 929 2224 babent
948 2161 1066 2224 tantum
1088 2186 1157 2227 con-

139 2253 234 2311 fusum
263 2250 400 2309 notitiam
424 2248 461 2308 de
493 2249 587 2326 culpis
614 2250 773 2321 confessis,
797 2258 831 2308 ut
863 2247 969 2327 saepiirs
996 2249 1104 2310 accidit
1125 2253 1156 2311 in

140 2335 370 2396 confessionibus
391 2335 577 2414 longioribus
600 2343 631 2393 et
658 2335 837 2412 implicatis,
862 2351 896 2393 eo
920 2351 986 2394 casu
1016 2333 1063 2412 (ut
1081 2333 1157 2396 bene

141 2423 182 2482 ait
202 2422 284 2501 Lupo
303 2417 333 2480 d.
347 2422 396 2480 16.
410 2440 443 2480 o.
465 2421 548 2498 616.)
564 2425 684 2480 tenetur
700 2437 816 2479 sumere
826 2417 996 2478 distinctam
1017 2420 1156 2480 notitiam

141 2510 324 2589 specierum,
346 2516 376 2566 et
393 2509 511 2567 numeri
541 2507 641 2566 omissi
661 2507 692 2565 in
715 2505 947 2565 confessionibus
973 2506 1156 2580 praeteritis,

142 2615 196 2655 nee
212 2591 319 2653 sufficit
344 2601 414 2652 tunc
430 2591 466 2651 ad
494 2591 705 2650 absolvendum
727 2590 831 2650 notitia
849 2588 899 2648 illa
922 2589 1045 2649 confusa
1064 2589 1157 2650 statiis

143 2680 312 2758 proenitentis
335 2678 372 2737 de
394 2678 479 2746 annis
497 2675 677 2755 praeteritis,
698 2675 765 2735 crim
786 2693 823 2734 ex
844 2691 902 2733 una
921 2682 1005 2752 parte
1020 2681 1158 2734 tencatur

142 2766 289 2843 proenitens
319 2763 476 2839 aliquando
506 2767 619 2840 peecata
642 2777 694 2819 sua
722 2759 855 2820 confiteri
882 2759 1052 2837 sigillatim,
1076 2757 1157 2836 quod

143 2868 293 2928 nunquam
311 2851 398 2924 feeit3
418 2859 448 2910 et
473 2867 509 2909 cx
531 2850 621 2907 altera
639 2854 758 2906 tenetur
784 2845 975 2905 confessarius
998 2843 1157 2922 aliquando

144 2936 314 2996 distinctum
336 2933 493 2993 efformare
508 2933 655 3009 judicium
669 2931 706 2991 de
719 2932 853 3009 peccatis.

182 3021 249 3083 too.
263 3053 302 3063 -
316 3017 461 3078 Caeterrim
481 3015 530 3076 bic
550 3015 653 3077 sedulo
674 3015 908 3086 advertendum,
936 3032 998 3074 nou
1019 3031 1084 3074 esse
1109 3033 1157 3075 co·

144 3107 253 3187 gendos
270 3103 444 3182 poenitentes
463 3101 499 3161 ad
518 3101 692 3178 repetendas
712 3102 905 3161 confessiones
924 3099 981 3158 nisi
1004 3099 1157 3161 moraliter

145 3190 225 3253 certo
237 3196 349 3249 constet
362 3205 410 3246 eas
429 3187 518 3246 fnisse
534 3185 697 3256 invalidas,
717 3195 751 3246 ut
764 3184 843 3247 reete
864 3185 967 3245 dicunt
990 3183 1080 3244 croix
1093 3179 1115 3242 l.
1130 3201 1153 3242 c.

142 3300 175 3359 p.
196 3280 226 3338 2.
249 3295 282 3335 n.
297 3276 383 3334 tuit.
399 3272 503 3335 Gobat.
523 3279 561 3331 tr.
576 3271 606 3330 7.
621 3290 653 3332 rt.
681 3261 749 3332 ito.
765 3267 883 3333 Hofzm.
898 3289 929 3351 p.
952 3269 1020 3330 179.
1038 3285 1071 3328 u.
1086 3269 1154 3329 685.
1220 3343 1221 3346 ¹

144 3381 172 3418 r.
196 3363 283 3438 Resp.
306 3361 458 3417 Mazzotto
476 3365 498 3415 t.
521 3358 549 3416 5.
569 3374 601 3435 p.
631 3357 700 3416 562.
724 3351 858 3417 erutuet
880 3375 915 3435 p.
940 3355 1008 3416 281.
1024 3371 1058 3414 et.
1084 3355 1152 3414 275.

143 3461 210 3500 cum
227 3441 297 3502 Fill.
321 3449 350 3502 et
366 3441 515 3501 communi
533 3442 646 3520 (contro
677 3441 804 3502 Aetolae
828 3461 860 3522 p.
878 3443 946 3502 511.
962 3457 992 3519 q.
1020 3442 1082 3509 tm,
1102 3442 1153 3518 qui

145 3523 221 3578 inter
240 3525 352 3600 rigidos
372 3536 504 3584 auctores
531 3527 624 3585 nostri
651 3527 795 3602 temporis
820 3542 879 3584 non
905 3524 1046 3584 infimum
1066 3523 1154 3585 babet

143 3600 262 3673 tecum).
288 3609 388 3678 Ratio,
415 3609 483 3682 quia
503 3610 644 3684 possessio
665 3617 722 3668 stat
741 3625 796 3684 pro
816 3609 916 3667 valore
937 3608 1153 3670 confessionum

140 189 200 253 400
393 185 458 249 tit.
470 188 499 249 6.
522 191 618 249 Troct.
634 187 663 246 1.
674 186 717 245 De
727 181 912 264 pertitcntio,
