2450 3975
126 179 187 241 tte
369 174 433 239 lib.
448 176 478 237 6.
497 178 594 238 Truct.
609 177 640 238 i.
652 178 697 237 De
711 172 893 259 poenitentia.

124 277 275 351 disoedat,
297 280 367 351 quia
391 285 463 341 tune
488 275 606 343 tanttim
629 276 747 341 videtur
771 278 924 341 moraliter
948 298 1143 361 perseverare

125 364 205 427 idem
220 363 367 443 judicium
387 364 441 445 (l).

164 460 232 521 55⁰.
248 492 289 505 -
303 458 377 519 Ciam
396 467 496 519 autem
508 454 594 519 valde
612 456 782 537 proficuum
798 458 890 539 possit
908 476 972 521 esse
989 464 1138 547 peaniten-

126 544 221 619 tibus,
236 554 270 605 ut
286 542 400 605 facilins
419 543 597 605 inducantur
614 542 653 601 ad
670 541 814 619 majorem
833 544 1039 621 poenitentiam
1058 568 1139 609 aece-

126 626 289 706 ptandam,
316 638 348 689 et
370 624 476 689 lortiirs
495 624 512 686 l
532 626 658 706 peccetis
680 625 921 699 absterreantur,
942 632 984 689 eis
1007 632 1139 695 indicare

127 712 314 791 poenitent-ios
339 732 405 792 quar
432 712 505 771 olim
529 711 562 771 in
587 710 751 771 canonibus
774 713 1027 789 poenitentialibus
1051 728 1139 779 erant

126 799 304 877 prescriptae
321 815 376 875 pro
392 795 541 874 aliquibus
551 794 744 863 criminibus,
758 805 792 857 ut·
804 808 926 859 monent
939 799 1139 863 Cateebismus

126 899 288 953 romanus,
309 884 350 943 D.
369 880 561 954 Antoninus,
584 890 616 940 et
637 882 678 939 D.
696 875 819 941 Carolus
838 883 1048 961 Borromaeoc3
1071 888 1137 948 ided

125 961 174 1025 lale
195 984 292 1045 operae
313 966 444 1046 pretium
468 965 541 1025 duxi
566 963 695 1043 adjicere
717 964 830 1042 aliquos
855 967 1079 1045 principaliores
1102 991 1138 1032 cx

124 1046 209 1109 dictis
226 1051 388 1113 senonibus
403 1048 567 1131 sequndtim
585 1049 722 1109 ordinem
740 1048 889 1127 decalogi,
902 1052 1040 1114 videlicet
1054 1054 1116 1135 iil:

164 1132 288 1195 Circei·
302 1143 494 1217 preceptum.
512 1134 611 1209 l.Qui
628 1132 646 1193 b
662 1132 721 1195 lide
741 1132 915 1208 desciverit,
931 1138 1137 1214 penitentiam
1209 1198 1210 1221 3

125 1226 191 1296 aget
211 1220 296 1280 annis
315 1220 429 1282 deeem.
446 1222 477 1281 ἢ.
494 1219 552 1296 Qui
571 1219 722 1297 auguriis,
735 1227 766 1279 et
782 1218 1014 1281 divinationibus
1028 1226 1137 1285 servie-

125 1303 184 1375 rit,
201 1305 290 1382 quive
303 1305 514 1365 incantationes
527 1303 685 1364 diabolicas
694 1303 813 1376 lecerit,
824 1304 970 1381 paenitens
982 1308 1041 1367 erit
1053 1311 1137 1369 annis

123 1396 246 1465 septem.
258 1392 287 1450 5.
299 1390 465 1468 Respiciens
478 1388 557 1448 lurta
569 1389 601 1449 in
621 1387 797 1459 astrolabio,
809 1390 955 1465 poenitens
972 1391 1032 1452 erit
1052 1396 1136 1455 annis

123 1468 249 1533 duobus.
259 1476 288 1533 l.
303 1474 334 1534 Si
347 1476 413 1552 quis
425 1473 590 1552 ligaturas,
609 1480 661 1533 out
682 1472 883 1533 fascinationes
905 1474 1028 1547 fecerit,
1042 1479 1137 1553 poeni·

124 1563 190 1617 teus
205 1558 263 1619 erit
274 1558 349 1619 duos
364 1576 467 1619 annos.
477 1559 574 1633 inQui
591 1575 692 1637 meges
706 1557 902 1632 consuluerit,
912 1558 945 1619 iu
963 1563 1136 1639 poenitentia

123 1640 182 1701 erit
192 1660 285 1703 annos
300 1644 443 1721 quinque.

164 1733 248 1795 circo
262 1738 301 1796 ll.
315 1744 505 1818 preceptum.
517 1739 546 1798 l.
561 1735 769 1815 Quincumque
779 1734 873 1797 sciens
887 1733 1084 1813 pejeraverit,
1099 1744 1137 1803 to

124 1817 238 1881 diesin
258 1838 334 1898 pane
352 1826 382 1881 et
399 1840 474 1899 equa
486 1830 540 1891 ,et
560 1829 674 1899 septem
694 1829 849 1898 sequentes
866 1838 958 1880 annos
978 1824 1137 1899 poeniteat,

123 1913 156 1964 et
171 1922 324 1982 nunquam
340 1906 378 1965 sit
392 1907 457 1966 sine
469 1906 641 1984 poenitentia
653 1926 662 1981 ς
675 1914 705 1965 et
717 1922 872 1983 nunquam
884 1905 917 1965 in
934 1906 1138 1971 testimonium
1209 1954 1210 1959 η

124 1989 303 2065 recipiatur,
319 1999 428 2066 etpost
445 1990 507 2050 haec
522 1991 764 2051 communionem
779 1991 934 2068 percipiat.
947 1993 978 2052 2.
994 1993 1053 2065 Qui
1071 2013 1138 2072 per-

121 2074 236 2154 jurium
253 2073 284 2133 in
299 2075 423 2135 Ecclesia
441 2075 561 2146 lecerit,
575 2077 781 2152 poenitentium
796 2085 863 2153 aget
878 2094 969 2138 annos
979 2076 1093 2138 deeem.
1107 2081 1137 2140 5.

124 2162 154 2222 Si
176 2163 243 2238 quis
256 2161 372 2233 Deum,
393 2159 441 2220 rel
463 2161 496 2218 B.
508 2159 685 2238 Virginem,
709 2161 758 2220 vel
777 2161 905 2238 aliquem
918 2161 1060 2222 Sanctum
1084 2183 1140 2242 pu-

125 2245 202 2308 blice
222 2245 486 2326 blasphemaverit,
501 2263 563 2322 prae
583 2245 698 2305 loribus
714 2245 849 2306 Ecclesiae
864 2245 968 2306 diebus
982 2246 1140 2311 dominicis

125 2342 256 2410 septem,
269 2331 302 2392 in
316 2332 470 2392 manifesto
483 2374 491 2404 ,
503 2330 577 2390 dum
590 2331 747 2390 missarum
759 2329 902 2393 solemnio
913 2341 1055 2408 aguntur,
1065 2343 1138 2406 stet,

125 2419 290 2494 ultimoque
304 2435 341 2476 ex
356 2416 416 2476 illis
434 2415 502 2485 die,
521 2415 586 2474 sine
603 2414 714 2492 pallio,
738 2423 768 2475 et
789 2415 1008 2486 calceamentis,
1032 2415 1139 2494 ligatus

126 2502 250 2579 corrigia
270 2502 346 2561 eirca
366 2501 498 2574 collum3
514 2507 687 2576 septemque
707 2498 940 2576 procedentibus
953 2499 1035 2560 feriis
1051 2503 1139 2563 sextis

126 2587 157 2644 in
175 2606 250 2664 pane
266 2597 297 2647 et
312 2605 385 2665 nque
403 2583 708 2662 jejunct‚Ecclesiaru
730 2582 814 2644 nullo
836 2583 924 2647 modo
940 2583 1138 2664 ingressurus.

126 2672 255 2748 Singulis
274 2671 337 2748 jum
356 2671 414 2730 illis
433 2679 547 2748 septem
569 2665 673 2730 diebus
693 2667 849 2728 dominicis
870 2677 947 2740 tres,
970 2679 1022 2728 aut
1045 2669 1138 2744 duos,

126 2766 177 2814 out
199 2774 294 2815 uncam
316 2773 476 2835 pauperem
496 2761 614 2832 pascat,
635 2755 660 2814 si
680 2761 778 2834 petest
790 2796 800 2826 ,
813 2753 945 2830 alioquin
967 2753 1024 2814 atis
1044 2759 1140 2833 poeni·

126 2840 219 2901 tentis
234 2839 389 2899 afficiatur.
404 2840 560 2898 llecusanti
574 2838 706 2898 Ecclesiae
721 2839 871 2917 ingressus
888 2835 1096 2916 interdicatur,
1111 2851 1140 2900 et

126 2927 158 2987 in
174 2924 257 2985 obitu
277 2924 469 2983 ecclesiastice
487 2932 583 2984 careat
601 2923 807 3001 sepulturi-l.
822 2923 880 2998 Qut
898 2931 1001 2986 votum
1014 2924 1138 3004 simplex

125 3009 299 3080 violaverit,
315 3009 568 3087 poeniteattribus
587 3009 687 3070 anuis.
1097 3052 1098 3056 ,

165 3096 250 3157 Circo
263 3095 317 3154 111.
327 3101 514 3174 preceptum.
532 3096 560 3153 l.
573 3093 633 3168 Qui
650 3111 725 3172 opus
738 3093 858 3174 aliquod
869 3093 977 3156 servile
989 3091 1039 3154 die
1048 3093 1140 3154 domi·

126 3182 193 3242 nice
214 3177 687 3258 festovefecerit,poenitentia1u
707 3187 773 3260 aget
792 3188 851 3242 tres
873 3177 935 3238 dies
958 3177 992 3238 in
1014 3196 1093 3256 pane
1112 3189 1139 3239 ct

154 3339 187 3394 (l)
199 3357 211 3379 α
226 3342 332 3385 Attamen
342 3338 405 3384 faeta
415 3338 596 3388 commutatione
610 3353 705 3400 semper
723 3349 802 3401 potest
819 3343 933 3404 poenitens
943 3341 1033 3400 eligere
1042 3343 1140 3404 primam

123 3417 148 3503 :1
153 3403 373 3511 poe'nitqqtirmdiuu
386 3404 473 3450 docent
485 3406 558 3450 Scor.
568 3407 631 3450 beer.
645 3403 733 3454 Renes.
748 3407 826 3456 statii
840 3419 895 3456 eunt
905 3409 1035 3454 Maesone.
1046 3425 1058 3448 ι
1071 3409 1141 3456 Hom.

147 3475 171 3516 p.
195 3477 215 3508 r.
257 3480 301 3512 ‚tn
343 3500 349 3513 .

149 3537 182 3592 (Ξ)
192 3539 280 3586 confer
296 3546 366 3590 etism
383 3545 570 3594 dissertationem
589 3549 780 3616 prolegomenarn
799 3551 822 3596 in
841 3551 911 3598 initio
928 3551 1014 3662 Ορέτίε
1029 3551 1141 3611 positam.

979 3619 1023 3662 dit.
