2450 3975
143 160 182 219 it)
375 154 441 218 tit.
451 156 481 216 6.
500 156 597 215 Traet.
614 151 916 217 apocatasticus.

140 262 223 321 notat
242 255 285 319 ibi
304 256 342 318 P.
358 253 522 317 zaccharia
542 256 654 334 pluries
675 255 838 317 decrevisse
854 255 888 316 S.
907 256 941 317 G.
960 253 1017 319 hoa
1034 258 1154 338 privita·

139 343 222 421 gium
241 358 302 403 uon
319 340 438 403 extendi
453 340 491 401 sd
508 340 579 403 atius
594 340 764 421 religiones.

515 516 723 581 sustentus
737 516 777 576 11.

139 666 237 767 Quid
250 668 458 771 requiratur
472 666 509 741 in
524 664 692 739 ministro
705 664 750 741 sd
768 664 904 745 licitam
918 614 1153 760 administra.

437 772 574 847 tionem
593 770 856 849 Eucharistiae?

139 955 185 1017 itt
207 958 254 1011 Aa
264 953 443 1010 Eucharistia
455 952 602 1023 deferenda
618 952 657 1007 ad
672 953 816 1021 iafirrrum
831 968 893 1009 eam
905 956 997 1023 stota,
1007 962 1152 1031 superpet-

235 1028 322 1092 ticeo,
335 1043 369 1082 aa
382 1027 506 1081 lamiae?
518 1026 590 1091 Quid
602 1026 634 1081 ds
645 1034 770 1082 extrema
780 1028 934 1085 orosam?

137 1101 188 1154 sta
207 1104 252 1154 Aa
270 1102 303 1154 irs
319 1102 481 1154 necessitate
498 1098 580 1153 liceat
598 1100 733 1153 currere?

139 1178 189 1229 443
207 1180 251 1228 Am
273 1176 378 1245 deseres
398 1173 606 1229 Eucharistiam
623 1174 657 1228 iss
674 1174 767 1243 caso?
784 1176 821 1228 tes
839 1189 879 1230 aa
899 1177 1011 1234 tuatim
1030 1180 1069 1235 ad
1088 1196 1150 1236 eam

234 1248 432 1303 adorandam?

138 1322 190 1377 att
207 1327 251 1381 Aa
270 1322 352 1377 liceat
369 1323 544 1391 dispensare,
557 1318 600 1375 ast
611 1318 749 1375 eeteirars
767 1320 969 1389 posterioribus
984 1324 1103 1393 desitis?
1114 1331 1149 1380 Et

234 1408 273 1448 am
291 1397 380 1449 madia
401 1396 586 1448 instrumento
609 1400 730 1461 tempore
746 1392 853 1461 pestis?

135 1468 185 1520 445
202 1469 320 1532 Ouarada
333 1472 424 1535 peccet
435 1469 600 1537 dispensans
611 1466 645 1520 ob
656 1468 790 1535 desectam
800 1467 873 1519 ritas
884 1467 1035 1523 Ecclesia?

135 1543 184 1593 ssa
201 1539 373 1606 Quibusnam
385 1540 465 1594 liceat
476 1540 621 1610 porciam
632 1540 875 1594 communiorem?

135 1614 184 1667 444
206 1621 250 1667 Aa
269 1619 363 1667 autem
383 1614 539 1668 communio
557 1614 730 1681 percipeada
745 1613 802 1669 reis
820 1613 911 1681 capite
927 1614 1096 1680 manaim?
1107 1620 1150 1672 -Et

233 1704 273 1743 am
291 1690 463 1759 comisatoris,
476 1694 502 1744 et
520 1688 657 1743 obsessis?

134 1767 184 1821 2t8
202 1769 343 1832 Quomodo
354 1773 454 1836 pastor
461 1766 555 1823 debeat
565 1780 710 1821 asservare
717 1764 984 1820 Eucharistiamits'e
991 1781 1030 1819 aa
1038 1767 1149 1822 Ecetra·

232 1846 315 1897 rs'stia
327 1845 519 1908 asservando,
532 1850 558 1897 et
571 1844 719 1911 deserenda
736 1857 842 1911 semper
854 1844 889 1897 sit
902 1838 1103 1899 cum'lamiae?

133 1918 184 1971 sta
201 1920 246 1970 Aa
260 1919 449 1971 ministranda
461 1920 618 1973 commertio
629 1919 659 1971 io
671 1918 756 1971 missa
768 1918 801 1971 de
812 1916 960 1985 Requiemi

132 1992 182 2042 250
200 1992 273 2055 (trid
283 1992 457 2060 sariendam,
469 1994 495 2046 si
505 1991 597 2046 iastia
609 1992 717 2046 decidat
729 1995 760 2043 ta
773 1991 901 2043 terram?

131 2065 177 2116 sat
198 2064 271 2129 Quid
281 2065 441 2132 iaciendum
453 2063 485 2118 de
496 2067 662 2133 traamerstis
674 2063 848 2119 tortiorum?

131 2137 181 2188 434
199 2137 262 2202 Qud
275 2139 360 2199 dard,
374 2141 398 2191 et
411 2138 467 2206 aad
478 2138 521 2191 dte
537 2139 625 2206 possit
636 2138 701 2192 dari
712 2135 893 2192 eommunia?

130 2210 181 2262 4δὸ
198 2213 309 2275 Qaatias
320 2211 461 2280 parocias
473 2216 601 2265 teneatur
613 2212 775 2265 ministrare
786 2209 1028 2272 communicatem?

129 2285 180 2338 254
197 2286 270 2350 Quid
280 2287 438 2340 aotaadam
449 2285 525 2341 eirea
538 2287 758 2342 communiorem
768 2284 982 2354 quotidianam?

1219 2448 1221 2472 Ι

168 2507 237 2568 stt.
255 2541 294 2552 -
313 2533 326 2562 a
346 2449 461 2574 Rasa.
474 2510 503 2569 4.
518 2509 557 2570 Ut
577 2509 715 2570 minister
734 2509 811 2570 cirea
830 2505 1018 2568 Eucharistiae
1038 2507 1145 2573 distri·
1219 2497 1221 2584 4

130 2615 144 2646 ιι
166 2591 322 2656 irationem
339 2612 399 2656 uon
418 2602 532 2672 peccet,
547 2602 657 2673 prater
675 2596 820 2674 gratiam,
835 2594 923 2653 etiam
943 2595 1144 2658 reverentiam
1219 2589 1221 2724 Ι

129 2700 144 2730 ιι
169 2679 200 2736 iu
225 2695 260 2737 eo
283 2677 348 2739 tiuu
371 2683 469 2752 ratio,
484 2677 548 2741 tium
565 2699 692 2741 muones
714 2680 891 2758 requiruut3
907 2680 947 2738 ita
968 2687 1002 2737 ut
1021 2690 1143 2756 praestat

128 2784 144 2816 ιι
167 2759 222 2821 hae
233 2774 447 2824 sacramentum
459 2766 555 2836 omitti
567 2766 647 2846 (edm
660 2765 723 2843 ejus
732 2764 876 2842 susceptio
886 2762 962 2843 saepe
972 2781 1032 2824 nou
1043 2765 1083 2823 sit
1093 2783 1143 2827 ue-
1219 2744 1221 2850 4

128 2868 143 2900 ιι
167 2847 287 2908 cessaria
295 2847 587 2928 adsalutem)‚qutm
596 2851 713 2913 admitti
722 2851 874 2931 positivam
883 2849 1120 2914 irreverentiam.
1219 2870 1221 2888 1

511 3017 591 3080 Uada
604 3017 726 3083 resolves
740 3045 752 3082 .·

168 3232 181 3264 ι
201 3208 232 3266 4.
246 3203 428 3266 Eucharistia
443 3215 559 3268 nonest
574 3205 731 3266 deierando
747 3206 789 3267 ad
802 3206 958 3269 infirmum
974 3251 983 3280 ‚
998 3207 1054 3266 nisi
1067 3226 1141 3272 aum
1215 3207 1221 3321 t

123 3315 139 3348 o
162 3290 267 3352 habitu
278 3291 416 3363 decenti,
435 3291 526 3353 idest
543 3309 612 3354 oum
631 3292 706 3352 stola
717 3300 748 3353 et
769 3293 1047 3371 superpelliceo,aa
1065 3312 1144 3371 prse-

122 3397 146 3429 ιι»
162 3375 283 3435 cadente
302 3375 416 3436 lumine
437 3397 449 3436 s
471 3375 553 3438 sacis
579 3386 624 3436 est
651 3375 690 3437 de
713 3383 845 3438 extrema
871 3377 1026 3451 unctione,
1051 3378 1142 3456 eujus
1215 3342 1221 3442 4

61 3505 64 3519 ,
122 3477 138 3506 ιι
162 3457 382 3528 materiariam
399 3477 460 3521 nau
479 3462 517 3522 sit
535 3469 751 3522 sacramentum
763 3505 774 3538 ‚
788 3479 849 3521 non
870 3461 997 3540 requirit
1021 3469 1142 3527 unum

121 3561 136 3590 ιι
160 3541 390 3603 venerationem.
417 3568 431 3598 ιι
455 3546 516 3625 (Ita
536 3546 625 3609 etiam
650 3547 755 3609 Mass.
780 3560 847 3608 eam
872 3545 981 3622 crota,
1005 3553 1036 3611 et
1060 3566 1141 3615 cum·
