2450 3975
344 192 513 275 capreoe
527 188 841 255 cantreciacensem.
1037 192 1095 255 557

89 300 161 363 bitis
177 295 333 360 mediisud
348 312 409 357 non
421 293 613 356 relabendum
626 336 635 366 ,
647 294 683 355 tn
703 294 854 355 materiate
875 298 906 355 et
925 298 1096 369 remotum3
1215 285 1216 310 ³

90 402 152 446 nen
175 381 257 443 enim
277 380 329 457 qui
352 386 397 441 est
413 380 445 439 in
468 378 616 457 periculo,
630 378 682 439 sed
701 376 757 460 qui
781 374 1097 459 emetpeiiesdem(u2

91 468 201 529 dicitur
213 465 245 525 in
265 461 373 526 entes.
387 461 431 541 5.)
441 459 549 543 peribit
560 460 593 521 io
603 456 675 538 iilo,·
688 480 749 523 non
763 470 861 521 antem
880 470 958 523 emet
979 462 1095 540 pericu·

89 552 154 613 lum
163 595 175 627 ,
193 550 245 629 qui
259 548 371 609 invitus
386 547 476 608 subit.
490 547 566 607 Hine
588 544 701 625 optime
713 546 745 607 S.
764 542 900 608 Basilius
913 546 957 623 (in
972 546 1094 607 constit.

89 638 175 699 Mon.
193 652 218 693 c.
234 630 278 710 b.)
290 631 366 693 dixit
380 652 389 690 e
405 629 466 708 Qui
483 630 601 711 serpenti
622 626 728 710 alique
741 633 850 698 coece,
862 637 892 690 et
910 631 1094 706 necessitate,

88 737 120 781 se
138 714 266 798 periente
283 715 401 797 objicit,
416 712 463 775 vei
480 712 671 795 permittites
686 730 746 775 esse
766 713 800 773 ie
819 710 871 775 iiie
880 758 891 793 ,
912 712 979 773 cim
998 720 1095 773 temen

89 799 166 863 obicis
177 796 286 871 uellet,
299 816 361 861 ooo
374 806 437 859 tene
453 797 563 859 dicitnr
575 814 676 857 emere
689 794 870 877 pericolum,
884 799 974 878 qoem
984 795 1097 877 invites

87 882 166 947 ibeo
182 880 280 944 subire
291 905 303 942 .·
315 890 344 942 et
361 880 426 945 ideo
436 880 534 963 meeis
544 879 709 962 providebit
719 882 817 957 Deus,
828 898 865 940 ne
877 882 911 943 in
921 873 973 942 tito
982 887 1094 962 pereat.

88 968 172 1030 Idem
184 966 254 1027 satis
272 965 466 1027 confirmatur
478 984 515 1028 cx
526 984 551 1026 c.
563 962 755 1028 laudabilem
767 964 802 1028 de
816 964 888 1045 stip.
901 973 931 1031 et
950 961 1023 1024 reeb.
1043 964 1096 1027 ubi

88 1055 131 1114 sic
150 1050 276 1111 hebetur
296 1070 304 1109 ε
328 1048 463 1126 Quodsi
486 1049 571 1113 ambo
588 1050 697 1129 (sermo
721 1057 766 1109 ese
791 1049 831 1110 de
857 1048 1030 1127 conjugibus
1057 1050 1096 1111 ab

89 1136 177 1199 initio
196 1132 420 1214 impotentibus)
445 1134 651 1196 moseoceriee
663 1132 756 1195 simui
772 1151 847 1206 esse,
871 1133 920 1195 eir
940 1152 1022 1207 eom,
1041 1131 1097 1195 etsi

88 1237 151 1283 eoo
164 1235 298 1289 exerent,
309 1214 414 1281 saitem
423 1216 529 1281 bebeet
540 1226 577 1279 ot
585 1235 725 1279 sororem.
738 1218 814 1295 Ergb
825 1218 869 1295 (ut
881 1224 964 1280 neten
973 1216 1096 1297 Seneb.)

89 1322 132 1387 ne
142 1304 199 1384 ipsi
211 1302 362 1365 infamiam
382 1305 550 1383 patiantur,
565 1303 641 1364 bene
658 1304 699 1362 eis
712 1303 896 1381 permittitur
915 1302 1004 1363 simul
1018 1302 1097 1364 hebi·
1213 1346 1217 1353 .

89 1396 155 1451 tere
175 1403 243 1447 cum
258 1388 390 1465 periculo
407 1396 548 1449 mutuum.
565 1388 704 1447 Remedia
723 1394 823 1447 eutem
841 1404 897 1465 pro
915 1384 963 1446 his
981 1386 1033 1464 qui
1053 1404 1097 1447 re-

88 1471 246 1552 periuntur
267 1470 299 1530 in
321 1472 472 1533 occasione
499 1471 635 1550 proxima
661 1471 825 1549 presertim
847 1470 957 1549 peceati
980 1472 1095 1550 turpis3

88 1551 1094 1634 suntvidelicet‚maj0rcretio‚frequentiornsussacremeutorum,

88 1636 222 1717 quotidie
234 1645 303 1697 ante
317 1638 474 1718 imaginem
491 1638 629 1700 crucifixi
641 1656 783 1699 renerere
797 1639 1021 1715 premissionem
1035 1654 1095 1697 nen

89 1718 217 1800 ampliis
231 1721 387 1799 peccandi,
402 1723 496 1784 vitare
509 1740 547 1783 ne
565 1731 700 1783 versetur
716 1722 796 1784 seius
815 1739 884 1785 cum
904 1722 982 1795 sele,
994 1721 1096 1801 fugere

89 1805 127 1867 eb
144 1812 261 1883 aspectu
275 1805 442 1885 complicis,
455 1814 486 1867 et
497 1805 614 1867 similia.

130 1889 205 1949 iiiuc
223 1886 328 1948 dieunt
348 1891 456 1970 Sperer
472 1908 557 1951 aare.
579 1890 648 1951 522.
672 1907 741 1951 eum
762 1890 935 1962 communi,
955 1888 1094 1954 Besemb.

88 1979 126 2041 ut
146 1974 239 2054 κυρτὰ
257 1973 412 2036 Mezentio
433 1981 456 2036 t.
475 1976 505 2037 5.
526 1993 560 2058 p.
578 1976 647 2037 ste.
666 1971 737 2036 Pei.
762 1972 785 2036 b.
805 1994 831 2037 c.
855 1995 940 2036 nem.
959 1978 1009 2037 ii.
1028 1993 1097 2037 cem

90 2054 188 2136 Greff.
199 2056 349 2119 nemaeo.
361 2065 413 2120 ete.
429 2060 534 2140 leym.
547 2078 574 2120 e.
588 2061 618 2120 b.
631 2078 664 2120 a.
677 2061 707 2120 9.
719 2077 786 2121 cum
795 2060 877 2121 Neo.
887 2077 952 2141 cop.
965 2061 995 2120 5.
1008 2077 1093 2123 nom.

87 2143 138 2202 ii.
152 2138 299 2215 Seoebez,
318 2142 379 2218 Se,
394 2145 486 2205 Henr.
506 2143 600 2226 Cejet.
627 2151 656 2205 et
667 2141 829 2206 Pbiiiereb.
845 2143 926 2223 qubd
948 2145 969 2204 ii
986 2145 1038 2223 qui
1057 2143 1096 2204 eb

87 2225 208 2300 efficio,
234 2227 454 2304 negotiatione,
479 2238 530 2290 aut
554 2231 644 2292 demo
662 2231 694 2291 in
711 2248 770 2309 que
794 2238 930 2308 meant,
948 2226 1097 2288 discedere

87 2310 196 2371 nolunt
209 2353 218 2382 ‚
229 2311 299 2388 quie
313 2310 378 2372 aine
390 2331 495 2392 magna
508 2311 680 2374 difficultate
692 2329 754 2372 non
765 2320 908 2390 possunt,
925 2310 1095 2373 absolvendi

87 2403 176 2470 sunt,
188 2393 214 2455 si
228 2395 289 2454 sint
301 2396 395 2474 parati
413 2397 542 2458 remedia
554 2395 705 2458 adhibere.
716 2395 798 2457 idem
814 2395 886 2456 dicit
907 2394 983 2459 Vico
998 2414 1050 2476 pe.
1063 2397 1094 2457 5.

87 2482 148 2538 ert.
167 2479 197 2538 t.
214 2478 289 2542 n..9.
300 2478 338 2540 de
348 2479 495 2560 chirurgia
507 2481 560 2560 qui
577 2480 730 2542 medendis
747 2479 942 2554 mulieribus,
956 2479 1037 2541 etde
1049 2497 1097 2558 pa·

86 2559 187 2622 rochis
205 2563 256 2641 qui
278 2562 310 2624 in
331 2565 509 2644 excipiendis
524 2584 628 2627 earum
643 2563 873 2626 confessionibus
892 2563 1002 2641 pluries
1028 2581 1097 2642 pec-

87 2653 172 2719 cent,
190 2647 214 2707 si
240 2647 325 2708 aliter
343 2648 400 2727 ipsi
419 2667 480 2710 non
509 2659 628 2730 possent
648 2651 748 2711 vivere
760 2647 847 2726 juxte
866 2665 955 2712 suum
974 2655 1094 2714 sutum.

92 2727 166 2790 Vide
180 2728 260 2792 dieto
269 2729 289 2792 i.
299 2734 330 2793 2.
343 2751 377 2792 n.
392 2735 439 2794 65.
448 2752 523 2796 eers.
535 2733 697 2811 Queritnr.

126 2815 197 2876 456.
211 2847 249 2860 -
261 2816 313 2876 lice
320 2819 477 2878 sententie
489 2819 732 2897 probabilissime
755 2815 957 2896 sunt3verirm
969 2814 1001 2876 in
1012 2816 1095 2894 praxi

86 2916 191 2962 omnes
207 2901 390 2961 conveniunt
412 2903 568 2980 expedire,
591 2913 627 2964 ut
647 2904 700 2976 iis,
713 2904 765 2982 qui
788 2909 944 2964 versantur
963 2902 996 2962 in
1013 2918 1097 2962 eece·

86 2985 170 3046 siene
186 2983 318 3063 proxima
345 2986 433 3045 etiem
453 2988 633 3060 necessaria,
655 2987 812 3049 differetur
828 2987 985 3050 absolutio.
1009 2983 1095 3057 lmb,

86 3077 122 3130 ut
135 3086 189 3149 ege
200 3069 272 3148 quid
286 3072 412 3132 sentiam
429 3070 591 3145 inhaere,
606 3073 734 3151 ingenui
745 3072 860 3135 dicem:
877 3087 1030 3150 nunquam
1048 3069 1097 3129 eh·

86 3155 232 3215 solverem
243 3171 312 3216 eum
323 3167 337 3229 ‚¹
346 3157 397 3233 qni
418 3165 462 3216 est
479 3156 511 3218 in
524 3160 673 3220 occasione
686 3159 820 3238 proxima
841 3159 1002 3219 extrinseca
1014 3153 1096 3231 (nam

86 3236 125 3298 dc
143 3239 301 3303 intrinseca
320 3239 406 3300 aliter
430 3237 653 3321 infestoque),
678 3244 844 3322 presertim
858 3241 899 3301 'si
923 3237 1033 3300 occasio
1057 3237 1098 3297 sit

86 3321 126 3384 ds
138 3324 260 3386 materie
273 3327 354 3404 turpi
367 3369 376 3398 ,
388 3343 505 3403 semper
517 3346 550 3387 ee
567 3328 713 3389 absolutio
733 3323 887 3388 commode
898 3321 1012 3383 differri
1034 3339 1097 3400 pes

86 3415 142 3469 set.
159 3409 269 3470 Censeo
284 3410 382 3482 enim,
397 3409 478 3488 qubd
500 3413 691 3474 confessarius
711 3421 853 3488 tunquam
873 3406 1004 3469 medicus
1019 3415 1097 3468 tene·

87 3500 138 3553 tur
159 3499 262 3569 aptare
273 3510 327 3554 suo
345 3495 499 3572 poenitcnti
512 3495 642 3556 remedie
655 3494 887 3572 opportuniore,
903 3499 938 3551 ut
950 3490 1001 3550 illc
1012 3509 1096 3552 suam

85 3574 172 3722 iaeiqet
184 3576 308 3728 saleppm
320 3597 330 3656 ς
342 3595 469 3658 reorqne
482 3580 598 3642 nullum
617 3576 699 3639 eliud
715 3577 814 3658 eptius
833 3574 1000 3722 entie1209tum
1012 3574 1096 3634 mini·

155 3675 216 3720 eor.
282 3701 291 3722 .
