2450 3975
107 239 166 300 eto
338 231 404 294 ut.
415 233 444 292 6.
464 232 561 292 Troct.
577 229 608 290 5.
622 229 667 290 Do
677 223 882 288 unctantem.

100 334 271 415 corporale;
283 344 314 395 ct
326 333 472 407 Eeciesio,
488 331 703 410 separationem
716 327 933 406 permittendo,
946 323 1023 387 nihil
1036 326 1115 386 circa

101 423 255 483 materiam
271 429 302 480 et
316 418 554 481 benedictionem
574 415 754 474 immutavit.
768 416 834 475 Non
852 411 950 474 minus
963 412 1034 472 verb
1050 429 1117 490 pro-

102 505 240 566 babiliter
261 513 351 583 negat
365 504 454 562 Sotos
474 503 506 560 in
515 502 545 559 1.
558 498 590 560 d.
604 501 654 558 15.
667 517 719 578 qu.
732 501 763 559 2.
777 506 836 558 ort.
848 499 877 558 5.
891 499 963 558 item
973 493 1115 566 Monueh

102 598 133 650 et
150 592 258 651 Moure
274 586 357 670 opud
372 583 478 646 Eacob.
504 602 588 643 nom.
606 586 677 643 150.
698 601 732 642 oe
750 581 872 661 Rodriq.
890 601 940 662 op.
966 581 1057 641 Croiae
1078 599 1114 640 u.

104 675 174 734 532.
199 676 302 749 Ratio,
326 673 442 732 tametsi
461 669 587 728 Ecclesia
616 669 719 728 eidem
744 667 949 727 benedictione
976 667 1116 726 statuerit

104 757 239 818 benedici
264 758 373 838 patiam
390 773 424 814 ac
442 754 612 831 corporate,
632 753 669 814 eb
693 752 844 831 quoditie
870 751 1022 812 moraliter
1046 769 1116 828 pars

105 845 267 924 corporatis
289 848 565 915 censetur31amen
588 836 657 899 mm
676 835 764 898 bodie
785 837 861 915 palla
885 837 924 896 sit
947 835 1116 916 separated

108 928 253 1007 corporali
269 972 278 1000 ‚
296 943 356 985 non
373 923 477 983 eadem
499 923 577 982 ratio
587 923 762 983 reverentiae
778 921 871 981 currit
884 939 939 999 pro
954 922 1114 998 corporati,

106 1013 186 1090 qnod
208 1008 377 1071 immediati
395 1008 490 1082 tangit
503 1024 598 1068 sacrm
617 1008 742 1086 species,
755 1005 845 1084 quim
863 1024 919 1085 pro
939 1005 1014 1085 palla
1026 1049 1034 1079 ,
1048 1024 1117 1084 quac

107 1117 167 1160 non
179 1098 284 1176 tangit.

145 1183 367 1242 Dicuntautem
380 1181 532 1261 Sporcrn.
543 1180 612 1240 518.
623 1187 653 1239 et
665 1175 755 1239 Croix
772 1174 795 1236 1.
812 1195 838 1236 c.
857 1195 924 1238 cum
947 1175 1019 1238 Gob.
1034 1175 1115 1252 quod

106 1265 132 1324 si
151 1267 228 1344 palla
245 1267 340 1338 desit,
356 1274 408 1326 aut
426 1283 480 1344 per
500 1264 695 1343 quadrantem
718 1263 865 1340 expectari
887 1261 991 1333 debet,
1006 1263 1118 1340 poterit

107 1349 245 1428 loeoejus
256 1350 391 1412 adbiberi
408 1350 489 1410 aliud
510 1350 662 1427 corporale
673 1391 681 1421 ‚
694 1356 745 1406 aut
760 1345 815 1406 boc
828 1344 1000 1424 deficiente,
1015 1345 1119 1424 puriti-

107 1437 271 1509 catorium‚
287 1444 338 1495 aut
355 1435 455 1494 bursa.

146 1519 225 1581 Dicit
252 1528 352 1582 autem
377 1522 452 1581 Goo.
482 1518 563 1597 qubd
580 1518 625 1579 illi
653 1515 705 1597 qui
734 1515 876 1578 adhibent
901 1517 973 1578 duas
1004 1519 1115 1597 pallas,

109 1620 199 1663 unam
227 1622 283 1682 pro
312 1604 420 1676 calice,
446 1603 570 1663 alteram
602 1619 659 1681 pro
686 1600 801 1675 hostia,
826 1622 887 1663 non
907 1610 977 1662 sunt
996 1603 1118 1682 quidem

107 1686 367 1766 reprehendendi,
384 1688 435 1748 sed
456 1707 518 1748 non
536 1685 673 1747 imitandi
701 1686 765 1746 sine
786 1687 935 1767 pontificia
958 1687 1117 1764 facultate3

109 1768 165 1832 boc
183 1775 263 1833 enim
284 1781 360 1834 esset
372 1774 484 1834 additio
502 1772 605 1844 Bittis,
619 1771 711 1831 vetita
723 1769 740 1830 d
754 1773 787 1832 S.
800 1771 857 1832 Pio
875 1772 912 1832 V.
926 1773 962 1830 Et
974 1771 1045 1832 huic
1058 1774 1118 1851 opi-

109 1856 192 1917 nioni
214 1858 366 1919 adbaerent
386 1857 515 1934 Quarti,
529 1865 558 1918 ct
577 1853 689 1938 Meqol.
716 1853 798 1936 opud
814 1855 927 1916 Meroti
939 1863 960 1915 t.
983 1859 1013 1916 1.
1032 1877 1065 1936 ρ.
1084 1860 1114 1920 1.

104 1960 139 2024 p.
160 1944 227 2003 510.
251 1963 284 2004 n.
311 1947 360 2006 ta.
377 1945 463 2005 Unde
482 1944 585 2004 dicunt
618 1942 780 2003 sacerdotes
805 1941 880 2003 banc
899 1941 1067 2003 facultatem
1099 1942 1118 2007 b

109 2029 251 2087 Pontificc
267 2046 329 2088 non
342 2028 502 2099 babentes,
516 2046 577 2089 non
597 2046 682 2107 posse
696 2027 748 2088 bas
767 2029 839 2089 duas
861 2030 950 2108 pallas
966 2028 1117 2092 adbibere.

108 2110 166 2170 Sed
189 2110 309 2193 Melsos.
330 2116 423 2192 Poaq.
446 2109 589 2187 Silos‚.ct
601 2114 724 2193 Moyiua
744 2134 794 2195 op.
809 2115 922 2175 Meroti
936 2112 957 2175 1.
972 2134 997 2175 c.
1016 2124 1119 2179 tenent

110 2196 191 2274 qudd
212 2216 273 2258 non
286 2196 384 2258 soldm
395 2197 529 2272 uenum,
543 2198 652 2275 quibus
671 2198 727 2257 boc
748 2198 1028 2278 privilegium‚sive
1049 2219 1118 2261 usus

110 2282 290 2357 approbatus
302 2280 388 2343 inita
404 2279 546 2342 Clemente
567 2281 716 2356 V11.‚se‹t
730 2301 831 2345 omnes
844 2285 1007 2345 sacerdotes
1025 2286 1117 2347 exteri

110 2376 233 2443 possunt
243 2368 302 2427 illis
313 2368 357 2427 uti
371 2411 379 2439 ‚
395 2366 530 2446 quiahoc
541 2385 601 2428 non
614 2378 658 2429 cst
671 2369 781 2429 additio
792 2410 800 2442 ‚
813 2368 863 2430 sed
874 2369 972 2448 potiris
984 2372 1118 2449 quaedam

111 2451 234 2511 accessio
254 2452 291 2511 ad
305 2452 472 2513 Romanum
485 2454 588 2512 Ritum
608 2454 647 2513 ob
665 2454 809 2531 majorem
829 2455 1012 2531 decentiam,
1027 2466 1118 2533 utque

111 2535 295 2597 commodids
314 2538 477 2616 fragmenta
496 2539 683 2616 colligantur.
708 2540 783 2598 Hinc
803 2540 909 2599 censet
924 2539 1038 2599 Meroti
1054 2558 1119 2600 curn

112 2621 206 2701 Poaq.
220 2640 464 2702 unumquemque
480 2640 565 2701 posse
582 2623 657 2684 banc
673 2624 889 2685 observantiam
901 2628 981 2705 sequi
995 2646 1003 2701 3
1016 2626 1118 2686 refert-

113 2720 171 2781 que
179 2706 365 2768 Cardinalcm
381 2710 549 2768 Barouium
563 2708 594 2767 id
608 2710 732 2768 suasisse
750 2710 836 2769 alicui
851 2709 889 2781 ad
902 2710 1027 2787 praxim.

150 2788 219 2847 589.
232 2820 272 2833 -
294 2816 309 2844 «ι
332 2792 397 2850 vlt.
420 2792 668 2872 Purificotora'um
694 2795 765 2853 item
782 2795 914 2865 lineum,
935 2812 996 2853 non
1020 2801 1119 2855 tamen

112 2897 126 2927 a
150 2872 313 2934 necessarii
337 2873 547 2950 benedictum,
576 2887 732 2938 utcontra
757 2879 864 2958 Loym.
890 2878 995 2937 docent
1028 2881 1118 2941 Scor.

113 2983 126 3012 ι
152 2958 226 3018 Gon.
250 2964 278 3015 ct
298 2959 405 3037 Lu905
426 2976 524 3038 neque
549 2962 610 3021 ulla
636 2963 785 3042 reperitur
811 2962 844 3021 in
870 2961 1033 3021 Ritualibus
1053 2964 1118 3039 ejus

114 3068 127 3096 »
151 3040 328 3102 benedictio.

150 3126 318 3201 Quaeritur,
339 3143 377 3185 an
402 3126 639 3204 purificatorium
657 3133 695 3191 sit
714 3130 968 3191 benedicendum?
984 3129 1119 3193 Affirmat

112 3217 217 3293 caym.
228 3232 256 3273 c.
270 3214 300 3273 o.
317 3232 349 3272 n.
362 3215 411 3273 11.
425 3213 497 3274 item
510 3217 618 3275 Fronc.
631 3219 724 3297 Lemo,
737 3226 764 3278 et
773 3216 911 3297 Foquod.
923 3214 1004 3299 opud
1013 3217 1116 3279 Eacob.

114 3297 136 3357 1.
146 3302 196 3357 ot.
213 3317 246 3356 n.
264 3300 333 3358 151.
355 3302 408 3376 qui
434 3297 505 3359 huic
523 3300 656 3379 opinioni
681 3302 812 3362 adhaeret
832 3311 974 3381 tanquam
993 3302 1117 3374 tutiori,

112 3379 182 3438 ticet
199 3384 377 3442 contrariam
396 3384 486 3444 etiam
505 3393 600 3445 tutam
623 3396 715 3448 vocet.
733 3388 818 3448 Ratio
831 3390 872 3462 1.,
894 3389 980 3467 quia,
993 3395 1028 3447 ut
1047 3386 1119 3447 dixit

111 3460 328 3550 1101111811.
343 3470 411 3527 581.
422 3468 478 3529 boc
485 3470 706 3533 Sacramentum
716 3473 731 3534 1
740 3475 820 3533 nulla
834 3492 868 3533 re
879 3472 1009 3551 contingi
1019 3471 1117 3545 debet,

63 3602 66 3605 ⁴
111 3552 167 3592 nrsr
181 3555 360 3635 consecrata.
378 3553 504 3614 Ratiob.
522 3557 598 3633 quia.
608 3558 736 3618 Robrica
747 3559 881 3639 praecipit
893 3558 1026 3619 benedici
1039 3574 1119 3635 map-

110 3632 162 3687 pas
181 3617 299 3699 ottnr1s3
318 3629 389 3704 crgo
404 3635 487 3697 tantd
502 3642 597 3719 magis
619 3643 852 3705 benedicendum
869 3643 1117 3723 pitrifieatorium3
