2450 3975
273 176 345 254 Cap.
362 174 392 233 l.
406 168 651 251 Deeeosessa‘otte.
665 174 783 237 Dato.
797 176 863 239 dri.
878 178 909 238 2.
1027 180 1086 243 583

58 280 158 341 intra
172 294 202 340 ae
215 276 387 359 poenitentes
399 320 407 349 ‚
421 294 482 337 non
503 277 591 337 debet
608 277 736 358 intelligi
759 279 909 352 absoluti,
929 282 980 343 sed
1000 282 1089 346 dubi·

58 373 193 436 tenter,
210 380 318 442 nempe
332 363 356 421 si
377 360 455 422 lorti
478 364 655 440 poenitsntes
667 362 814 440 jacuerint
827 385 835 422 r
849 373 879 425 et
898 364 954 428 boe
972 367 1008 429 fit
1029 387 1088 429 ma·

58 450 215 509 nifestum
234 465 269 508 ex
280 445 379 508 verbis
396 448 586 523 sequentibus
599 448 630 506 S.
647 449 804 509 Dorionis:
819 450 894 523 Qais
905 452 985 512 enim
1003 451 1088 513 novit

58 532 175 593 aarum
188 528 326 612 fortassis
348 528 525 591 adulterinae
543 532 642 593 camb
661 528 802 594 illecebris
814 551 907 613 usque
924 535 965 596 ad
989 535 1086 618 bapti-

59 632 170 677 smum
191 622 361 676 statuerant
381 614 531 676 detinet?
555 614 630 676 crim
655 616 728 694 ergb
746 620 787 678 D.
806 620 932 697 August.
956 620 1084 694 dixerit,

63 700 149 775 Quis
162 700 242 760 enim
255 700 355 776 nouit,
372 700 514 777 supponit
524 699 694 778 huiusmodi
710 711 877 780 peccatores
889 704 1008 765 nullum
1019 723 1086 766 can·

60 785 217 846 versionis
240 785 359 863 signum
389 784 566 863 prebuisse,
591 785 663 845 aliis
685 785 749 862 jam
771 796 878 848 nutum
905 797 981 849 esset
1005 790 1085 867 ipsos

59 870 207 930 statuisse
217 869 382 929 adulterine
402 870 548 931 consortia
571 888 632 931 non
648 871 791 931 detinere.
804 873 841 931 Et
859 871 926 933 baec
938 874 1084 935 sententia

62 954 140 1013 satis
160 954 321 1032 probabilis
333 952 407 1015 mihi
424 959 469 1013 est
486 954 525 1015 ob
548 955 682 1016 eamdem
701 957 944 1035 rationemque
958 958 1084 1019 adducta

62 1048 113 1100 est
127 1041 161 1099 in
173 1040 350 1119 praecedenti
366 1039 463 1099 Dubio
474 1060 484 1116 3
496 1040 520 1099 si
533 1042 614 1101 enim
626 1039 707 1101 licite
716 1042 827 1101 absolvi
846 1052 942 1120 potest
954 1052 985 1103 et
995 1043 1084 1105 debet

62 1133 199 1203 aegrotus
216 1125 349 1185 sensibus
367 1124 546 1198 destitutus,
567 1127 619 1204 qui
638 1127 757 1187 nubum
769 1126 885 1188 dederit
901 1129 1083 1206 paenitentias

63 1212 190 1288 signum
200 1253 208 1283 ,
220 1212 245 1270 si
256 1208 414 1271 christiane
427 1210 534 1271 vixerit
547 1254 555 1282 ,
567 1210 603 1271 et
616 1210 697 1288 qubd
706 1211 744 1271 de
756 1212 820 1289 ipso
832 1213 994 1290 prudenter
1011 1232 1082 1293 pras

63 1294 148 1355 sumi
162 1303 278 1375 potest,
294 1295 374 1373 qubd
394 1296 426 1355 in
450 1304 583 1357 extremo
596 1297 685 1371 vitae,
698 1297 723 1357 si
742 1298 863 1375 aliquod
878 1299 1012 1361 lucidum
1034 1302 1081 1362 in·

63 1380 229 1441 tervallum
240 1379 329 1440 babet
341 1424 349 1454 ‚
362 1380 436 1440 velit
448 1380 664 1441 absolutionem
675 1383 916 1450 sacramentalem
930 1386 1081 1463 recipere;

65 1465 111 1523 sic
131 1465 222 1524 ctiam
243 1469 340 1543 potest
362 1472 392 1523 et
415 1463 504 1525 debet
522 1464 634 1525 absolvi
652 1467 795 1545 (intellige
813 1484 931 1546 semper
941 1469 998 1529 sub
1015 1488 1083 1530 con·

65 1548 196 1626 ditione)
208 1548 300 1609 homa
315 1546 492 1620 catholicus,
505 1549 621 1609 etiamsi
645 1551 678 1609 in
691 1551 797 1611 actuali
809 1559 927 1629 peccato
947 1554 1081 1615 sensibus

67 1632 267 1709 destituatur3
292 1652 346 1711 pro
371 1632 428 1713 hoc
452 1632 533 1693 enim
561 1636 652 1696 ctiam
670 1634 779 1697 meritd
807 1638 946 1715 presumi
962 1647 1078 1715 potest,

68 1716 152 1795 qudd
166 1720 230 1796 ipse
253 1718 284 1778 in
301 1718 438 1795 proximo
454 1718 587 1796 periculo
607 1737 668 1779 snas
686 1720 883 1781 damnationis
906 1723 1081 1783 constitutus

68 1802 169 1878 cupiat
183 1802 264 1863 omni
284 1802 373 1863 modo
385 1820 455 1865 suae
479 1810 598 1861 aeterum
619 1803 707 1864 saluti
724 1805 887 1864 consulere.
910 1805 978 1865 Dixi
993 1804 1080 1867 Ιιοιιιο

67 1884 249 1963 cotlroiicus,·
273 1905 343 1947 nam
362 1885 444 1947 sociis
462 1885 622 1947 dicendum
642 1887 681 1947 de
701 1886 858 1960 heroico,
870 1896 905 1951 ut
927 1889 1008 1952 reete
1025 1890 1078 1951 ad-

68 1975 160 2035 vertit
173 1971 291 2036 Holzm.
308 1991 392 2035 num.
417 1974 484 2035 tos.
500 1973 637 2034 Heretici
655 1974 752 2047 enim,
766 1974 880 2038 etiamsi
902 1976 935 2039 in
956 1996 992 2040 eo
1009 1997 1077 2042 casu

68 2061 141 2120 dent
167 2061 249 2140 signa
273 2060 471 2139 poenitentiae,
499 2077 560 2120 non
580 2059 691 2121 debent
715 2061 844 2135 absolvi,
864 2062 922 2122 nisi
942 2065 1077 2142 expresse

67 2145 281 2209 absolutionem
291 2152 409 2223 petant,
423 2144 492 2221 quia
505 2145 578 2204 tales
590 2163 754 2223 numquam
768 2147 929 2224 prudenter
938 2151 1075 2225 presumi

69 2233 166 2292 valent
189 2248 222 2291 ea
247 2232 329 2308 signa
350 2229 510 2308 praebere'
501 2248 534 2290 ιιι
557 2231 664 2303 ordine
678 2231 716 2291 ad
729 2231 958 2306 mniessionem,
978 2231 996 2292 a
1017 2252 1076 2311 qua

70 2315 257 2396 summopere
268 2315 439 2377 abhorrent.

117 2421 184 2484 tot.
205 2451 245 2465 -
268 2444 282 2474 ι
302 2417 446 2480 Secundo.
472 2418 596 2494 Quando
630 2419 804 2498 poenitenti,
827 2361 875 2480 ιο]
902 2421 1075 2484 confessario

71 2507 244 2568 »imminet
255 2505 422 2584 periculum
440 2505 529 2582 vitae,
547 2503 628 2584 quod
641 2505 813 2565 necillum
803 2505 919 2583 integri
930 2507 1074 2578 confiteri,

71 2610 161 2652 anea
177 2589 258 2651 hunc
276 2589 379 2650 audire
398 2590 546 2669 patiatur,
571 2591 680 2650 sufficit
702 2591 854 2668 integritas
869 2590 1010 2650 formalis.
1024 2593 1075 2651 Ra-

72 2704 86 2733 ιι
108 2681 149 2740 tio
164 2687 228 2750 est,
249 2678 318 2755 quia
340 2686 412 2737 tunc
427 2677 586 2738 materialis
604 2694 666 2738 non
685 2687 729 2738 est
741 2674 888 2755 possibilis
905 2679 1072 2753 moraliter,

73 2787 86 2818 ιι
108 2763 185 2843 quod
197 2763 275 2823 valet
285 2779 413 2838 seq.cas.

113 2889 127 2919 ιι
145 2867 174 2925 l.
189 2864 221 2926 Si
242 2864 409 2942 penitens,
424 2881 455 2923 v.
473 2881 504 2944 g.
528 2859 682 2936 infirmus,
710 2879 789 2936 uno,
811 2861 941 2924 alterove
956 2873 1073 2944 peceato

74 2973 87 3005 ιι
109 2948 184 3010 dicto
198 2947 335 3021 ,deficiat
349 2992 358 3022 ,
371 2947 419 3008 vel
439 2949 478 3008 sit
491 2966 580 3028 grave
596 2949 762 3027 periculum
773 2990 782 3021 ‚
795 2966 834 3007 nc
849 2947 974 3010 deliciet.
1055 2965 1059 2970 ’

83 3101 85 3106 .
115 3073 127 3104 ιι
145 3053 174 3111 2.
184 3049 214 3111 Si
226 3048 363 3110 infirmus
382 3050 486 3112 valens
497 3050 633 3112 confiteri
643 3094 652 3122 ‚
664 3050 738 3112 dum
751 3052 778 3111 ei
793 3044 889 3112 lentur
902 3053 1048 3112 viaticum
1062 3096 1072 3124 ‚

75 3159 87 3188 ι
109 3132 342 3211 deprehendatur
365 3135 475 3195 multas
505 3135 702 3196 consessiones
727 3135 828 3196 iecisse
850 3135 1012 3211 invalidas,
1042 3145 1073 3196 et

75 3244 88 3271 ιι
110 3220 230 3297 gravitas
247 3218 344 3278 morbi
360 3234 420 3279 non
437 3219 563 3297 patiatur
573 3220 746 3281 dilutionem
759 3219 962 3280 absolutionis.
975 3221 1069 3281 uren.
1141 3305 1145 3311 ι

75 3327 88 3358 ι
109 3302 199 3364 Dion.
206 3321 241 3382 p.
256 3305 284 3363 b.
297 3309 320 3363 t.
334 3304 363 3363 5.
376 3322 404 3364 r.
416 3306 467 3366 lb.
488 3329 501 3360 ιι
526 3303 614 3384 (Vide
632 3304 712 3368 dicto
729 3323 761 3364 ιι.
778 3301 860 3380 260.)

114 3429 126 3457 ιι
144 3403 172 3462 5.
183 3403 212 3462 Si
226 3402 287 3481 ipse
299 3403 432 3466 sacerdos
443 3407 474 3466 in
494 3405 627 3484 periculo
643 3401 983 3478 constitutue‚videatur
1003 3405 1071 3468 ante

76 3513 89 3544 ιι
111 3487 287 3562 moriturus,
301 3487 389 3567 quim
403 3491 548 3570 poenitens
561 3491 740 3550 absolvatur.

114 3604 127 3634 ιι
145 3577 173 3640 l.
187 3578 217 3640 si
229 3586 361 3659 tempore
372 3583 459 3661 pestis
470 3582 652 3661 prudentum
661 3579 946 3659 judieiu,maraliter
957 3591 1069 3660 certum
