2450 3975
139 219 200 282 270
376 215 443 279 [ὦ.
453 219 484 278 o.
498 221 597 278 Treui.
611 219 641 278 5.
654 219 699 276 De
709 215 913 280 Eucharistiae.

135 319 427 400 ille‚quoealiuquin
439 327 516 378 esset
537 317 664 378 serenda
687 317 718 376 in
739 317 826 376 mima
843 327 992 381 currente.
1003 321 1034 381 Si
1046 327 1149 386 autent

136 414 254 484 petetur
272 405 360 466 missa
377 405 475 462 votiva
485 403 577 462 saneti
591 400 741 460 llielrailis
754 401 950 481 Archangeli,
965 409 1076 484 poterit
1086 409 1146 470 diei

135 490 223 550 misae
241 487 308 566 ejus
324 487 525 548 Dedimtionis
546 487 577 544 in
596 486 646 545 die
666 485 705 543 29
727 485 930 562 Septembris,
945 497 977 549 et
992 491 1034 550 sie
1055 493 1148 554 etiam

134 573 273 633 mieeede
292 573 411 644 Angelis
428 570 597 630 euetotlibus
621 569 652 628 in
672 568 721 628 die
740 570 929 642 20etobris,
956 575 997 634 ita
1022 577 1146 636 Heruli.

133 658 165 718 5.
182 659 217 718 ln
237 658 323 718 missa
334 653 369 716 de
379 653 495 734 Spiritu
509 655 541 713 S.
560 651 686 712 secunda
707 655 802 712 oratio
817 656 875 714 erit
886 657 925 716 ‹le
940 657 1005 727 alie,
1017 662 1106 720 tertie
1120 663 1145 721 .1

133 741 265 812 cunule,
281 739 328 800 vel
343 735 467 798 Concede
482 755 537 815 pro
552 747 722 814 temporum
740 740 891 800 varietate.
905 742 1018 801 lleroti
1025 762 1060 823 p.
1074 747 1144 809 t27.

131 843 165 886 n.
175 827 226 888 28.
239 845 307 886 eum
320 822 448 899 Quarti,
462 831 490 882 et
504 816 628 885 Tounel.
641 825 678 882 Et
693 823 734 882 sie
745 823 835 884 etiam
850 825 992 885 dicuntur
1007 827 1092 888 mim
1106 831 1146 891 de

132 911 185 970 88.
202 912 390 970 sacramento
407 907 532 985 (Hermi
540 905 580 967 ὦ.
598 926 631 967 n.
644 907 708 984 29.)
727 908 814 966 missa
835 907 871 968 ele
885 909 1044 985 ruem,
1061 921 1092 971 et
1107 913 1147 974 ele

131 991 288 1072 epaeneto.
300 995 330 1054 t.
343 993 377 1052 ln
392 993 478 1052 missa
486 989 521 1051 de
534 993 572 1051 Β.
585 991 689 1052 Μανία
703 989 824 1070 Virpine
838 994 965 1052 marnoa
978 997 1072 1056 oratio
1085 1000 1146 1059 erit

130 1078 169 1138 ele
179 1079 245 1147 elie.
260 1079 345 1138 tertia
361 1078 398 1138 de
411 1077 525 1157 Spiritu
539 1078 571 1136 8.
584 1085 615 1136 et
629 1076 823 1136 inferialibus
840 1071 966 1137 muntia
981 1080 1020 1139 tle
1028 1083 1141 1159 Spiritu

130 1165 162 1224 8.
181 1165 267 1222 tertia
284 1163 418 1224 Ecclesiae
432 1162 480 1222 vel
500 1167 555 1241 pro
574 1165 664 1241 l’apa.
680 1159 734 1222 ilie
753 1165 917 1223 notandum
931 1209 940 1237 ‚
955 1165 1036 1242 quod
1054 1169 1142 1228 mieea

130 1249 228 1308 votiva
242 1249 383 1309 solemnis
402 1247 440 1307 de
462 1247 495 1306 Β.
512 1244 603 1306 llarIa
622 1255 719 1326 potest
740 1248 882 1307 celebrari
897 1267 967 1308 eum
988 1247 1093 1311 Gloria
1111 1263 1142 1314 et

132 1330 224 1394 cndu
236 1332 436 1412 ob‘publieam
448 1352 564 1391 musam
586 1334 702 1392 ratione
713 1332 870 1392 concur-sris
881 1333 982 1410 populi
992 1379 1003 1410 ,
1014 1352 1050 1394 ex
1058 1336 1138 1396 deer.

129 1417 161 1475 8.
172 1419 206 1476 0.
216 1419 249 1478 8.
262 1419 346 1478 lunii
367 1418 455 1477 1658.
471 1436 523 1496 op.
537 1415 612 1476 Mer.
627 1429 660 1496 p.
684 1417 750 1475 117.
771 1419 844 1476 ltem
859 1418 1040 1490 notandum,
1060 1420 1139 1496 quod

129 1500 154 1558 ei
170 1500 251 1560 dieas
264 1502 383 1562 missam
398 1501 523 1560 votivam
539 1499 620 1558 dell.
630 1500 752 1578 Virgine
765 1502 796 1559 in
811 1502 886 1560 teto
898 1501 1022 1578 alicujus
1041 1505 1138 1563 Seneti

127 1584 312 1662 semiduplici
331 1585 407 1645 inira
428 1584 556 1661 aliquam
568 1593 701 1643 octavam
717 1587 752 1644 Β.
770 1586 905 1663 Virginis
918 1630 926 1657 ‚
939 1595 1014 1646 tune
1024 1605 1085 1646 nun
1094 1596 1138 1648 eet

127 1667 251 1729 dioenda
264 1669 350 1730 missa
368 1669 466 1730 votiva
479 1669 646 1726 eommunis
658 1667 695 1727 de
707 1667 740 1727 B.
753 1671 804 1738 V„
820 1669 870 1728 sed
882 1670 921 1729 tle
937 1670 1002 1746 ejus
1013 1680 1113 1730 oetam
1128 1715 1137 1742 ‚

128 1754 195 1814 aine
208 1763 308 1814 umen
326 1747 432 1816 Gloria
438 1799 448 1829 ,
468 1763 498 1812 et
513 1750 624 1820 Credo,
645 1771 681 1812 ex
698 1751 815 1812 decreto
831 1753 913 1834 mou
932 1754 1021 1814 Greia:
1039 1752 1091 1816 tit.
1106 1758 1135 1814 6.

126 1854 160 1915 p.
177 1839 207 1898 2.
220 1858 253 1896 n.
265 1841 334 1898 505.
347 1837 465 1919 etopud
472 1839 549 1897 ller.
562 1835 630 1898 luel.
640 1855 673 1896 n.
687 1839 753 1897 171.
764 1839 794 1897 Si
809 1847 909 1898 autem
924 1839 1037 1918 petitur
1050 1839 1136 1898 miaea

126 1919 164 1982 de
177 1921 229 1980 88.
240 1921 439 1993 Roserio,vel
455 1922 493 1980 de
509 1923 608 1979 llonte
622 1921 774 1997 carmelo,
795 1939 853 1982 non
870 1931 966 2002 potest
979 1923 1037 1982 diei
1049 1923 1136 1982 missa

125 2024 258 2065 eoneessa
275 2008 476 2067 llominioanis
488 2052 496 2076 ‚
507 2008 555 2065 vel
568 2009 755 2080 Carntelitis,
779 2026 815 2068 ex
828 2009 951 2069 decretis
963 2008 1045 2089 opud
1056 2011 1135 2070 ller.

125 2092 159 2152 in
178 2088 250 2151 lod.
273 2109 306 2150 o.
328 2090 396 2149 180.
412 2099 442 2151 et
460 2092 542 2160 900,
566 2093 617 2149 sed
642 2092 717 2153 bene
733 2103 828 2172 potest
852 2095 909 2155 diei
928 2100 1016 2154 missa
1033 2094 1072 2154 de
1086 2095 1136 2153 die

124 2178 209 2237 testo.
242 2174 354 2237 limati
367 2193 401 2255 p.
427 2176 493 2235 ill.
514 2192 546 2233 o.
564 2176 613 2234 50.
638 2178 667 2235 8.
684 2178 719 2235 ln
736 2179 821 2237 missa
832 2196 889 2259 pro
907 2177 1054 2261 defunctis
1073 2197 1134 2239 nou

124 2260 234 2323 dieitur
254 2261 382 2339 psalmus
391 2259 498 2321 ludim
508 2282 521 2335 ,·
544 2260 695 2320 celebrans
713 2259 781 2321 clun
792 2263 895 2341 ineipit
906 2264 1062 2323 introitum
1073 2282 1133 2323 nun

123 2348 262 2425 signatae
280 2364 386 2417 eruce,
400 2348 451 2406 sed
470 2345 599 2418 librum,
621 2364 683 2405 non
704 2346 795 2416 dicit,
811 2346 887 2407 loebe
907 2346 1034 2407 Domine
1048 2345 1134 2407 berae-

123 2430 234 2503 dicm,
253 2449 312 2489 non
333 2431 483 2491 oseulatur
495 2430 606 2489 librum
630 2438 694 2507 post
711 2431 920 2509 evangelium,
938 2448 996 2489 uon
1012 2431 1133 2489 benedi-

123 2519 163 2578 eit
175 2536 283 2597 aquam
293 2561 302 2587 ‚
311 2516 444 2576 needieit
458 2512 561 2576 Gloria
569 2514 660 2575 Patri
672 2516 702 2573 in
716 2514 951 2591 psalmoLooobo
960 2540 972 2590 ‚·
981 2515 1017 2575 ad
1027 2516 1131 2595 ripaue

122 2602 181 2663 Dei
198 2622 258 2663 non
276 2602 347 2662 dicit
360 2601 517 2672 Miserere,
536 2600 588 2659 sed
610 2600 700 2659 Dono
713 2598 755 2659 eie
771 2599 900 2679 requiem
910 2620 923 2676 ‚·
940 2618 999 2659 non
1021 2599 1132 2659 dieitur

122 2688 217 2748 oratio
228 2703 282 2764 pro
295 2704 385 2763 paee,
399 2705 454 2745 nee
468 2683 691 2756 pertusant,
705 2682 976 2746 neeBeuediouutue
987 2682 1128 2757 Domino,

120 2767 372 2848 oedllequa‘eaeout
388 2769 421 2828 in
433 2789 519 2849 poce,
535 2788 588 2829 nee
599 2768 686 2828 datur
700 2768 877 2829 benedictio.

158 2858 228 2916 tae.
240 2889 278 2899 -
291 2852 343 2913 llic
358 2862 457 2912 autem
470 2854 575 2913 ultimo
589 2853 655 2912 loeo
673 2870 770 2930 operae
783 2854 915 2931 pretium
933 2860 977 2911 est
989 2852 1131 2914 adnotare

47 3000 52 3008 ,
120 2943 216 3020 aliqua
238 2938 353 2999 decreta
371 2938 402 2995 S.
415 2940 448 2996 C.
461 2938 521 2995 Bit.
535 2934 656 3013 majoris
675 2936 817 2997 momenti
838 2936 875 2994 ad
900 2934 1130 2997 celebrationem

122 3030 215 3089 missae
233 3021 411 3103 pertinentia
423 3064 433 3093 ‚
445 3031 580 3099 excerpta
592 3040 628 3080 ex
641 3020 792 3099 plurimis,
810 3032 876 3098 quae
890 3018 976 3077 attero
996 3017 1090 3104 tlroie¹
1106 3020 1129 3082 l.

121 3117 151 3176 o.
187 3115 237 3174 ,0.
250 3130 281 3170 o.
294 3108 382 3169 2055.

159 3132 287 3255 {Missa
302 3190 503 3252 conventualis
531 3188 661 3249 canenda
679 3194 725 3248 est
741 3186 873 3265 quotidie
886 3184 919 3243 in
942 3182 1128 3263 collegiatis,

119 3297 245 3355 quarum
261 3279 355 3337 clerus
368 3285 413 3336 est
434 3292 627 3346 numerosus,
646 3283 674 3333 et
690 3270 802 3333 reditus
812 3288 873 3330 uon
891 3277 1005 3329 tenues.
1028 3272 1127 3333 lile-

120 3362 217 3419 nuurii
229 3365 315 3421 1005.

155 3446 186 3499 2.
200 3447 353 3505 Tenentur
368 3446 490 3507 omnino
502 3444 632 3505 canonici
649 3443 686 3503 ad
698 3440 870 3502 cantandam
883 3442 1001 3503 missam
1010 3441 1046 3502 de
1056 3444 1124 3523 die,

117 3528 151 3575 ut
170 3523 322 3585 lucrentur
335 3530 566 3590 disteibutiones⁸
583 3524 621 3589 98
634 3528 763 3588 lattuarii
780 3528 867 3587 tote.

156 3602 186 3656 5.
207 3606 363 3683 Sacerdos,
382 3616 434 3689 qui
450 3616 578 3675 celebrat
602 3614 720 3674 inissem
735 3613 984 3686 conventualem,
1009 3613 1041 3672 in
1063 3630 1122 3691 qua
