2450 3975
286 231 359 311 Cup.
373 228 456 289 l.De
467 224 679 308 satisfactione.
694 224 772 287 004.
787 226 815 285 4.
828 224 893 288 Art.
908 226 938 288 l.
1056 226 1114 289 447

106 362 121 390 ι
148 332 237 396 Cerri.
250 331 285 395 ele
297 332 379 411 Lupo
390 374 398 401 ‚
409 328 518 388 Averso
541 328 672 389 etDioo.
682 346 714 408 p.
731 326 761 387 7.
774 335 796 387 4.
811 328 841 389 0.
858 346 913 389 rea.
928 329 978 390 46.
993 335 1021 389 ot
1033 348 1065 409 p.
1081 332 1111 391 9.

106 446 119 475 ι
145 427 184 479 tr.
197 420 227 478 0.
239 437 266 478 r.
280 416 328 477 57.
342 421 446 475 contro
465 407 535 473 Pol.
557 418 609 472 ete.
632 413 739 485 Ratio,
761 412 829 489 quia
848 412 939 489 judex
963 414 1111 491 incogniti

102 530 117 559 ι
142 502 247 575 causi,
262 520 322 562 non
336 504 434 577 potest
448 497 526 558 ferre
544 498 732 557 sententiam.
756 497 800 556 lta
819 494 901 576 8040.
919 498 1008 558 Soer.
1037 499 1108 558 Con.

103 612 117 641 ιι
142 590 248 666 leym.
274 580 344 645 Fili.
367 586 438 659 nep.
458 583 532 659 Fop.
555 587 585 640 ot
609 579 698 641 Certi.
721 578 756 641 te
776 580 857 660 Lupo
869 625 880 656 ,
902 590 1005 641 contre
1027 583 1108 643 Noe.

103 696 116 728 ι
141 675 235 733 liuor.
242 665 305 730 Tol.
317 669 376 736 So,
389 663 479 728 Rode.
491 663 618 745 Bejom,
638 660 704 727 vat.
715 663 810 723 Dion.
819 684 850 743 p.
865 666 895 723 5.
912 672 933 723 4.
947 666 978 725 4.
989 682 1044 728 res.
1059 668 1108 728 55.

102 782 116 810 ι
141 764 170 816 et
185 774 218 836 p.
233 757 263 815 4.
278 761 300 812 4.
318 754 347 811 4.
360 751 442 811 mise.
460 768 486 808 r.
501 751 550 808 55.
574 749 626 826 qui
645 746 769 822 dieunt,
785 750 873 808 etiam
896 748 987 809 alium
1007 768 1108 828 posse,

105 864 119 891 ι
141 858 201 899 000
213 836 345 916 repetitis
357 834 491 913 peccatis.
507 834 580 906 Quae
593 832 739 893 sententia
754 876 761 904 ,
776 833 829 894 etsi
844 851 903 893 non
917 852 953 893 ex
975 834 1108 907 ratione,

102 949 115 978 ι
139 921 330 1002 exprincipio
342 930 441 979 tamen
454 918 619 978 extrinseco
632 918 750 978 uidetur
764 918 862 977 esseio
877 918 958 995 praxi
969 918 1105 995 probabi·

99 1034 113 1062 ιι
138 1008 177 1068 lis
188 1006 294 1086 (Dion.
304 1005 385 1065 enim
398 998 419 1063 4.
433 1021 458 1062 0.
468 1021 521 1081 pro
529 1020 562 1062 ea
575 1001 694 1063 adducit
708 1004 896 1066 l4auetores.
906 1002 1036 1080 dicitque
1046 1020 1107 1065 esse

99 1116 114 1145 ι
139 1109 227 1152 usum
240 1136 249 1162 ‚
262 1091 324 1151 siva
341 1088 456 1165 praxim
480 1086 756 1165 confessariorum),
778 1095 808 1146 et
821 1087 1003 1149 confessariis
1023 1106 1107 1167 posse

96 1205 111 1233 ιι
136 1178 268 1246 servire,
282 1173 400 1253 quando
413 1173 560 1251 poenitens
580 1172 739 1233 dillleulter
763 1173 867 1233 adduci
889 1182 984 1250 potest
1002 1174 1039 1233 ad
1059 1190 1106 1233 re-

98 1287 113 1316 ιι
139 1260 263 1342 petenda
278 1267 413 1339 paccata,
429 1258 478 1317 vol
497 1267 615 1335 tempus
636 1256 667 1315 id
685 1273 746 1315 000
756 1256 831 1329 lert3
847 1258 1010 1333 praesertim
1026 1258 1050 1317 si
1070 1276 1107 1317 ex

98 1372 112 1402 ι
136 1346 316 1407 consessione
331 1343 412 1421 (nam
424 1342 455 1401 in
473 1359 526 1411 ea,
542 1350 573 1401 et
589 1358 650 1400 uon
676 1340 757 1401 extri
781 1340 868 1401 debet
883 1340 959 1419 fieri)
980 1343 1106 1401 aliorum

95 1457 111 1487 ιι
136 1439 343 1510 peecatorum,
364 1435 396 1485 et
419 1445 455 1486 ex
479 1427 618 1505 praesenti
639 1435 714 1485 statu
743 1426 931 1505 poenitentis,
956 1427 1106 1504 ipsiusque

94 1540 110 1569 ιι
138 1510 442 1575 testimoniobabeant
455 1511 583 1589 aliquam
602 1510 751 1570 confusam
771 1512 905 1571 notitiam
919 1518 1105 1589 peecatorum

94 1624 110 1653 ι
135 1599 292 1678 praeteritae
303 1596 502 1655 consessionis.
520 1597 562 1655 lta
577 1598 653 1677 rap.
661 1614 695 1677 p.
708 1596 737 1657 4.
748 1591 770 1656 4.
788 1597 818 1657 9.
833 1615 859 1657 0.
872 1597 902 1656 4.
919 1614 952 1657 0.
963 1597 1011 1656 44.
1023 1596 1105 1677 Lupe

93 1708 109 1737 ι
134 1682 164 1745 d.
178 1684 227 1742 45.
241 1687 309 1741 sect.
319 1682 348 1739 6.
359 1699 392 1739 0.
408 1680 475 1740 407.
489 1687 518 1738 ot
530 1680 597 1739 400.

139 1790 153 1821 ι
174 1770 261 1843 Resp.
279 1766 309 1823 5.
328 1766 394 1842 lpse
413 1764 559 1841 poenitens
576 1782 636 1825 non
652 1771 748 1843 potest
763 1772 944 1827 commutare
958 1764 1104 1843 poeniten·

93 1876 108 1907 ιι
134 1853 206 1913 tiam
218 1851 307 1909 etiam
324 1849 356 1909 40
369 1848 522 1909 evidenter
532 1849 686 1910 meliorem
697 1860 746 1921 ‚ut
757 1850 1016 1911 doeentSoeeli4.
1026 1868 1101 1909 ruer.

92 1960 108 1991 ιι
135 1938 207 1998 eoa.
223 1932 254 1996 d.
270 1935 317 1994 40.
336 1952 368 1992 0.
391 1935 489 1994 440.
512 1934 561 1993 45.
578 1933 682 2014 nepio.
699 1942 727 1994 ot
747 1932 826 1996 olii:
847 1938 900 1996 etsi
921 1936 1103 1996 eontrarium

92 2048 108 2083 ιι
133 2021 286 2103 probabile
297 2021 375 2080 dieat
385 2018 478 2079 Dion.
488 2039 520 2100 p.
532 2021 561 2080 5.
574 2029 595 2080 t.
609 2025 640 2080 4.
659 2041 686 2080 r.
714 2023 762 2083 55.
778 2030 806 2082 et
819 2030 840 2082 t.
854 2026 883 2084 4.
898 2031 937 2082 tr.
962 2025 991 2083 4.
1013 2041 1039 2082 r.
1052 2025 1098 2084 55.

92 2133 107 2162 ιι
132 2126 169 2169 ex
186 2109 270 2168 Port.
292 2114 319 2165 et
335 2101 406 2165 titt.
424 2105 481 2164 Sed
503 2105 559 2164 hoe
582 2109 672 2166 4400.
689 2109 899 2179 temerarium,
923 2109 954 2169 C.
970 2106 1004 2167 de
1019 2111 1101 2188 Lupo

92 2216 108 2249 ιι
132 2190 283 2253 communi
304 2187 511 2266 theologorum
527 2199 558 2250 et
569 2189 702 2252 fidelium
720 2193 817 2252 sensui
831 2209 996 2270 repugnare
1008 2191 1099 2266 dicit,

90 2299 107 2334 ιι
132 2274 226 2336 (445.
240 2281 308 2351 sect.
325 2275 354 2332 6.
368 2292 399 2333 0.
414 2276 466 2334 75.

132 2362 200 2422 540.
216 2392 255 2403 -
274 2358 434 2418 Dubitatur
449 2358 535 2418 4.Αο
551 2359 698 2437 poenitens
713 2369 816 2438 optans
831 2359 1035 2438 peonitentiam
1055 2362 1101 2422 in·

88 2441 222 2524 junetam
239 2443 295 2503 sibi
309 2443 504 2514 commutari,
517 2452 653 2504 teneatur
669 2447 877 2506 contessionem
894 2444 998 2504 laetam
1014 2464 1100 2522 repe-

90 2533 180 2605 teret
195 2531 280 2606 Resp.
304 2528 329 2586 si
350 2527 508 2587 confitetur
529 2528 625 2591 eidem
646 2531 841 2599 confessario,
866 2547 926 2589 000
948 2529 1005 2588 erit
1027 2548 1098 2608 opus

89 2610 157 2675 eam
174 2622 329 2690 repetere,
351 2610 514 2672 dummodo
531 2614 723 2672 confessarius
744 2613 840 2673 adhue
861 2613 979 2672 confuso
1000 2632 1097 2673 reeor-

89 2700 179 2760 notor
188 2696 278 2757 status
288 2695 351 2773 ejus
361 2697 555 2758 conscientiae.
565 2699 595 2757 Si
612 2697 684 2758 uero
698 2697 855 2759 confitetur
873 2698 973 2772 alteri,
990 2697 1098 2778 duplex

89 2792 135 2844 est
153 2782 320 2841 sententia:

129 2866 236 2928 Primo
253 2864 398 2926 sententio
416 2865 542 2926 affirmat
561 2873 625 2928 esse
641 2865 850 2946 obligationem
872 2867 1046 2946 repetendi,
1067 2876 1097 2930 et

88 2953 165 3012 liano
175 2953 388 3028 tenentlepm.
397 2971 423 3012 e.
432 2954 462 3012 5.
473 2972 506 3012 0.
518 2954 565 3013 46.
575 2955 657 3034 Lupo
666 2952 695 3013 d.
706 2955 754 3014 45.
765 2972 797 3013 0.
809 2955 876 3014 407.
885 2951 955 3015 Pei.
967 2973 998 3034 p.
1010 2955 1058 3014 44.
1068 2952 1094 3033 §.

88 3035 145 3096 uit.
159 3054 192 3096 0.
212 3037 260 3094 45.
281 3035 368 3094 Cone.
385 3054 417 3118 p.
442 3037 510 3096 454.
524 3055 557 3097 0.
585 3040 634 3097 40.
650 3041 739 3098 44000.
759 3055 783 3098 0.
810 3039 838 3098 5.
858 3056 887 3118 q.
908 3041 937 3098 5.
958 3035 1045 3098 44040.
1060 3055 1094 3118 p.

89 3122 157 3182 458.
180 3138 214 3179 0.
233 3121 301 3180 046.
331 3119 421 3180 Croie
452 3140 485 3180 0.
506 3123 594 3188 tuoe.
613 3117 700 3183 otoet
726 3142 759 3203 p.
782 3125 847 3182 474.
870 3141 902 3180 0.
922 3123 989 3182 445.
1008 3125 1093 3202 Sper.

84 3225 118 3288 p.
135 3203 204 3264 445.
224 3222 257 3264 0.
276 3205 344 3264 588.
364 3203 468 3265 Tamo.
488 3201 510 3264 4.
524 3206 554 3264 4.
575 3223 600 3265 0.
620 3205 649 3266 5.
669 3225 703 3264 0.
720 3207 769 3267 44.
789 3213 817 3266 et
833 3204 926 3266 Soloe.
945 3204 979 3264 de
989 3205 1093 3284 ponit.

86 3309 112 3349 e.
132 3289 180 3350 40.
201 3307 234 3370 p.
253 3291 282 3348 0.
304 3307 337 3348 0.
355 3290 405 3349 70.
426 3308 493 3349 oum
507 3291 597 3350 Sator.
619 3291 703 3367 Sote,
725 3288 903 3372 Sylol'osq.
922 3291 1008 3350 Corae.
1022 3293 1092 3370 Rep.

86 3369 177 3452 Meis.
193 3380 245 3432 ete.
264 3374 349 3432 Ratio
364 3377 393 3434 4.
408 3376 476 3452 quia
493 3377 685 3436 confessarius
703 3395 763 3436 000
777 3385 874 3455 potest
889 3375 1092 3453 poenitentiam

85 3466 290 3530 commutare,
316 3457 373 3519 nisi
397 3459 429 3518 40
446 3458 559 3537 judicio
579 3461 802 3536 sacramentali3
821 3460 876 3520 hoe
895 3469 992 3518 autem
1012 3459 1093 3538 judi·

85 3543 165 3603 rium
183 3559 244 3600 000
258 3551 353 3619 potest
367 3546 502 3604 exercere
522 3546 578 3604 uisi
595 3547 742 3622 poenitous
761 3563 812 3604 sua
831 3547 942 3604 delerat
957 3545 1091 3604 erimina.

86 3627 171 3687 Ratio
189 3627 221 3686 4.
237 3626 307 3705 quia
327 3629 520 3704 punitentia,
535 3637 569 3688 ut
586 3629 671 3688 docet
682 3628 909 3703 Tridentium,
924 3646 983 3689 000
996 3627 1091 3688 solima
