<?xml version="1.0" encoding="UTF-8"?>
<!DOCTYPE html PUBLIC "-//W3C//DTD XHTML 1.0 Transitional//EN"
    "http://www.w3.org/TR/xhtml1/DTD/xhtml1-transitional.dtd">
<html xmlns="http://www.w3.org/1999/xhtml" xml:lang="en" lang="en">
 <head>
  <title>
</title>
<meta http-equiv="Content-Type" content="text/html;charset=utf-8" />
  <meta name='ocr-system' content='tesseract 3.04.00' />
  <meta name='ocr-capabilities' content='ocr_page ocr_carea ocr_par ocr_line ocrx_word'/>
</head>
<body>
  <div class='ocr_page' id='page_1' title='image "./theologiamorali00heilgoog_0466.png"; bbox 0 0 2450 3975; ppageno 0'>
   <div class='ocr_carea' id='block_1_1' title="bbox 133 145 903 226">
    <p class='ocr_par' dir='ltr' id='par_1_1' title="bbox 133 145 903 226">
     <span class='ocr_line' id='line_1_1' title="bbox 133 145 903 226; baseline -0.008 -13"><span class='ocrx_word' id='word_1_1' title='bbox 133 152 193 213; x_wconf 74' lang='lat' dir='ltr'>ceu</span> <span class='ocrx_word' id='word_1_2' title='bbox 382 145 903 226; x_wconf 70' lang='grc' dir='ltr'><strong>ιιι.ι.1ιιιι.ι.ιιιριιιιι·ιιιιιι·ι.</strong></span> 
     </span>
    </p>
   </div>
   <div class='ocr_carea' id='block_1_2' title="bbox 134 247 1145 2610">
    <p class='ocr_par' dir='ltr' id='par_1_2' title="bbox 134 247 1142 734">
     <span class='ocr_line' id='line_1_2' title="bbox 136 247 1142 324; baseline 0.003 -13"><span class='ocrx_word' id='word_1_3' title='bbox 136 274 150 303; x_wconf 77' lang='grc' dir='ltr'>ι</span> <span class='ocrx_word' id='word_1_4' title='bbox 174 250 206 311; x_wconf 92' lang='lat' dir='ltr'>io</span> <span class='ocrx_word' id='word_1_5' title='bbox 224 251 300 323; x_wconf 86' lang='lat' dir='ltr'>ulia,</span> <span class='ocrx_word' id='word_1_6' title='bbox 314 248 345 311; x_wconf 89' lang='lat' dir='ltr'>id</span> <span class='ocrx_word' id='word_1_7' title='bbox 361 266 421 311; x_wconf 91' lang='lat' dir='ltr'>non</span> <span class='ocrx_word' id='word_1_8' title='bbox 441 247 604 309; x_wconf 78' lang='lat' dir='ltr'>necessario</span> <span class='ocrx_word' id='word_1_9' title='bbox 622 247 657 309; x_wconf 87' lang='lat' dir='ltr'>iit</span> <span class='ocrx_word' id='word_1_10' title='bbox 674 249 705 307; x_wconf 92' lang='lat' dir='ltr'>in</span> <span class='ocrx_word' id='word_1_11' title='bbox 727 248 925 324; x_wconf 78' lang='lat' dir='ltr'>contessionc3</span> <span class='ocrx_word' id='word_1_12' title='bbox 945 258 975 311; x_wconf 87' lang='lat' dir='ltr'>et</span> <span class='ocrx_word' id='word_1_13' title='bbox 993 248 1011 310; x_wconf 80' lang='lat' dir='ltr'>i</span> <span class='ocrx_word' id='word_1_14' title='bbox 1029 254 1142 314; x_wconf 82' lang='lat' dir='ltr'>conses-</span> 
     </span>
     <span class='ocr_line' id='line_1_3' title="bbox 134 332 1141 413; baseline 0.007 -24"><span class='ocrx_word' id='word_1_15' title='bbox 134 358 149 389; x_wconf 91' lang='grc' dir='ltr'>ι</span> <span class='ocrx_word' id='word_1_16' title='bbox 172 335 269 406; x_wconf 81' lang='lat' dir='ltr'>sario,</span> <span class='ocrx_word' id='word_1_17' title='bbox 290 335 343 413; x_wconf 90' lang='lat' dir='ltr'>qui</span> <span class='ocrx_word' id='word_1_18' title='bbox 364 332 449 393; x_wconf 89' lang='lat' dir='ltr'>audit</span> <span class='ocrx_word' id='word_1_19' title='bbox 474 332 686 393; x_wconf 83' lang='lat' dir='ltr'>confitentem:</span> <span class='ocrx_word' id='word_1_20' title='bbox 708 332 758 392; x_wconf 81' lang='lat' dir='ltr'>sed</span> <span class='ocrx_word' id='word_1_21' title='bbox 778 342 874 409; x_wconf 90' lang='lat' dir='ltr'>potest</span> <span class='ocrx_word' id='word_1_22' title='bbox 895 332 961 395; x_wconf 85' lang='lat' dir='ltr'>fieri</span> <span class='ocrx_word' id='word_1_23' title='bbox 985 335 1093 408; x_wconf 71' lang='lat' dir='ltr'>extri,</span> <span class='ocrx_word' id='word_1_24' title='bbox 1113 346 1141 397; x_wconf 86' lang='lat' dir='ltr'>et</span> 
     </span>
     <span class='ocr_line' id='line_1_4' title="bbox 135 416 1140 497; baseline 0.008 -24"><span class='ocrx_word' id='word_1_25' title='bbox 135 440 151 473; x_wconf 92' lang='grc' dir='ltr'>ιι</span> <span class='ocrx_word' id='word_1_26' title='bbox 173 418 212 479; x_wconf 80' lang='lat' dir='ltr'>ab</span> <span class='ocrx_word' id='word_1_27' title='bbox 231 419 290 480; x_wconf 89' lang='lat' dir='ltr'>ulio</span> <span class='ocrx_word' id='word_1_28' title='bbox 311 418 429 479; x_wconf 85' lang='lat' dir='ltr'>idoneo.</span> <span class='ocrx_word' id='word_1_29' title='bbox 447 418 490 479; x_wconf 84' lang='lat' dir='ltr'>lte</span> <span class='ocrx_word' id='word_1_30' title='bbox 512 418 593 476; x_wconf 89' lang='lat' dir='ltr'>enim</span> <span class='ocrx_word' id='word_1_31' title='bbox 613 416 742 476; x_wconf 76' lang='lat' dir='ltr'>declarat</span> <span class='ocrx_word' id='word_1_32' title='bbox 757 416 845 497; x_wconf 75' lang='lat' dir='ltr'>Greq.</span> <span class='ocrx_word' id='word_1_33' title='bbox 862 416 959 479; x_wconf 85' lang='lat' dir='ltr'><em>XIII.</em></span> <span class='ocrx_word' id='word_1_34' title='bbox 979 416 1038 497; x_wconf 75' lang='lat' dir='ltr'>(uti</span> <span class='ocrx_word' id='word_1_35' title='bbox 1061 430 1092 481; x_wconf 90' lang='lat' dir='ltr'>et</span> <span class='ocrx_word' id='word_1_36' title='bbox 1112 423 1140 481; x_wconf 93' lang='lat' dir='ltr'>in</span> 
     </span>
     <span class='ocr_line' id='line_1_5' title="bbox 136 499 1141 581; baseline 0 -18"><span class='ocrx_word' id='word_1_37' title='bbox 136 524 150 555; x_wconf 75' lang='grc' dir='ltr'>ι</span> <span class='ocrx_word' id='word_1_38' title='bbox 174 501 253 563; x_wconf 86' lang='lat' dir='ltr'>bulla</span> <span class='ocrx_word' id='word_1_39' title='bbox 280 500 492 580; x_wconf 74' lang='lat' dir='ltr'>indulgentiae,</span> <span class='ocrx_word' id='word_1_40' title='bbox 516 501 638 559; x_wconf 93' lang='lat' dir='ltr'>nomine</span> <span class='ocrx_word' id='word_1_41' title='bbox 660 499 826 561; x_wconf 83' lang='lat' dir='ltr'>confessarii</span> <span class='ocrx_word' id='word_1_42' title='bbox 853 500 978 581; x_wconf 74' lang='lat' dir='ltr'>intelligi</span> <span class='ocrx_word' id='word_1_43' title='bbox 1005 508 1141 580; x_wconf 86' lang='lat' dir='ltr'>quemvis</span> 
     </span>
     <span class='ocr_line' id='line_1_6' title="bbox 135 578 1140 734; baseline 0.009 -93"><span class='ocrx_word' id='word_1_44' title='bbox 135 610 150 641; x_wconf 87' lang='grc' dir='ltr'>ιι</span> <span class='ocrx_word' id='word_1_45' title='bbox 173 586 382 734; x_wconf 46' lang='lat' dir='ltr'>approbabam)</span> <span class='ocrx_word' id='word_1_46' title='bbox 398 583 481 665; x_wconf 81' lang='lat' dir='ltr'>opud</span> <span class='ocrx_word' id='word_1_47' title='bbox 494 584 620 663; x_wconf 80' lang='lat' dir='ltr'>ilenriq.</span> <span class='ocrx_word' id='word_1_48' title='bbox 637 578 689 646; x_wconf 74' lang='lat' dir='ltr'>tit.</span> <span class='ocrx_word' id='word_1_49' title='bbox 709 585 741 645; x_wconf 87' lang='grc'>7.</span> <span class='ocrx_word' id='word_1_50' title='bbox 760 600 786 644; x_wconf 86' lang='lat' dir='ltr'>c.</span> <span class='ocrx_word' id='word_1_51' title='bbox 807 585 856 645; x_wconf 88' lang='grc'>10.</span> <span class='ocrx_word' id='word_1_52' title='bbox 871 602 903 647; x_wconf 84' lang='lat' dir='ltr'>o.</span> <span class='ocrx_word' id='word_1_53' title='bbox 917 587 948 647; x_wconf 88' lang='grc'>8.</span> <span class='ocrx_word' id='word_1_54' title='bbox 963 594 993 647; x_wconf 87' lang='lat' dir='ltr'>ct</span> <span class='ocrx_word' id='word_1_55' title='bbox 1005 591 1140 671; x_wconf 81' lang='lat' dir='ltr'>Praepoa.</span> 
     </span>
     <span class='ocr_line' id='line_1_7' title="bbox 136 671 509 733; baseline -0.005 0"><span class='ocrx_word' id='word_1_56' title='bbox 136 696 150 725; x_wconf 73' lang='lat' dir='ltr'>a</span> <span class='ocrx_word' id='word_1_57' title='bbox 218 676 290 733; x_wconf 85' lang='grc'><strong>.11.</strong></span> <span class='ocrx_word' id='word_1_58' title='bbox 328 671 509 733; x_wconf 81' lang='grc' dir='ltr'><strong>.111.ιι.88.</strong></span> 
     </span>
    </p>

    <p class='ocr_par' dir='ltr' id='par_1_3' title="bbox 136 690 1141 1072">
     <span class='ocr_line' id='line_1_8' title="bbox 173 690 1141 835; baseline 0 -16"><span class='ocrx_word' id='word_1_59' title='bbox 173 690 262 819; x_wconf 44' lang='lat' dir='ltr'>quw·</span> <span class='ocrx_word' id='word_1_60' title='bbox 284 755 468 817; x_wconf 86' lang='lat' dir='ltr'>Probabilius</span> <span class='ocrx_word' id='word_1_61' title='bbox 488 761 556 825; x_wconf 81' lang='lat' dir='ltr'>est,</span> <span class='ocrx_word' id='word_1_62' title='bbox 575 770 666 825; x_wconf 87' lang='lat' dir='ltr'>eum,</span> <span class='ocrx_word' id='word_1_63' title='bbox 684 751 736 831; x_wconf 89' lang='lat' dir='ltr'>qui</span> <span class='ocrx_word' id='word_1_64' title='bbox 760 750 876 814; x_wconf 79' lang='lat' dir='ltr'>tantum</span> <span class='ocrx_word' id='word_1_65' title='bbox 900 764 1017 832; x_wconf 86' lang='lat' dir='ltr'>partem</span> <span class='ocrx_word' id='word_1_66' title='bbox 1043 761 1141 835; x_wconf 87' lang='lat' dir='ltr'>operis</span> 
     </span>
     <span class='ocr_line' id='line_1_9' title="bbox 136 839 1140 922; baseline 0.008 -27"><span class='ocrx_word' id='word_1_67' title='bbox 136 866 151 895; x_wconf 93' lang='grc' dir='ltr'>ι</span> <span class='ocrx_word' id='word_1_68' title='bbox 175 841 337 922; x_wconf 77' lang='lat' dir='ltr'>proscripti</span> <span class='ocrx_word' id='word_1_69' title='bbox 355 841 441 911; x_wconf 81' lang='lat' dir='ltr'>lucit,</span> <span class='ocrx_word' id='word_1_70' title='bbox 454 855 515 899; x_wconf 93' lang='lat' dir='ltr'>non</span> <span class='ocrx_word' id='word_1_71' title='bbox 527 839 637 899; x_wconf 84' lang='lat' dir='ltr'>lucrari</span> <span class='ocrx_word' id='word_1_72' title='bbox 658 848 772 917; x_wconf 83' lang='lat' dir='ltr'>portem</span> <span class='ocrx_word' id='word_1_73' title='bbox 790 839 980 917; x_wconf 73' lang='lat' dir='ltr'>indulgentie</span> <span class='ocrx_word' id='word_1_74' title='bbox 990 886 998 911; x_wconf 88' lang='lat'>,</span> <span class='ocrx_word' id='word_1_75' title='bbox 1010 842 1068 902; x_wconf 89' lang='lat' dir='ltr'>nisi</span> <span class='ocrx_word' id='word_1_76' title='bbox 1082 853 1140 903; x_wconf 82' lang='lat' dir='ltr'>tem</span> 
     </span>
     <span class='ocr_line' id='line_1_10' title="bbox 136 923 1139 1007; baseline 0.007 -28"><span class='ocrx_word' id='word_1_77' title='bbox 136 950 151 979; x_wconf 89' lang='grc' dir='ltr'>ιι</span> <span class='ocrx_word' id='word_1_78' title='bbox 175 944 280 1004; x_wconf 87' lang='lat' dir='ltr'>purum</span> <span class='ocrx_word' id='word_1_79' title='bbox 289 925 417 995; x_wconf 89' lang='lat' dir='ltr'>desit‚ut</span> <span class='ocrx_word' id='word_1_80' title='bbox 429 931 585 983; x_wconf 85' lang='lat' dir='ltr'>censeatur</span> <span class='ocrx_word' id='word_1_81' title='bbox 595 924 748 985; x_wconf 76' lang='lat' dir='ltr'>moraliter</span> <span class='ocrx_word' id='word_1_82' title='bbox 758 923 967 1001; x_wconf 76' lang='lat' dir='ltr'>integrumlta</span> <span class='ocrx_word' id='word_1_83' title='bbox 977 928 1056 988; x_wconf 78' lang='lat' dir='ltr'>Bon.</span> <span class='ocrx_word' id='word_1_84' title='bbox 1067 930 1139 1007; x_wconf 72' lang='lat' dir='ltr'>po.</span> 
     </span>
     <span class='ocr_line' id='line_1_11' title="bbox 136 1010 590 1072; baseline -0.013 1"><span class='ocrx_word' id='word_1_85' title='bbox 136 1034 151 1064; x_wconf 76' lang='lat' dir='ltr'>a</span> <span class='ocrx_word' id='word_1_86' title='bbox 174 1030 212 1072; x_wconf 77' lang='lat' dir='ltr'>cc</span> <span class='ocrx_word' id='word_1_87' title='bbox 227 1012 306 1072; x_wconf 87' lang='lat' dir='ltr'>Nou.</span> <span class='ocrx_word' id='word_1_88' title='bbox 319 1011 410 1070; x_wconf 81' lang='lat' dir='ltr'>Scor.</span> <span class='ocrx_word' id='word_1_89' title='bbox 428 1010 515 1069; x_wconf 76' lang='lat' dir='ltr'>conc.</span> <span class='ocrx_word' id='word_1_90' title='bbox 531 1015 590 1068; x_wconf 88' lang='lat' dir='ltr'>etc.</span> 
     </span>
    </p>

    <p class='ocr_par' dir='ltr' id='par_1_4' title="bbox 135 1085 1141 1498">
     <span class='ocr_line' id='line_1_12' title="bbox 179 1085 1138 1172; baseline 0.006 -23"><span class='ocrx_word' id='word_1_91' title='bbox 179 1120 193 1149; x_wconf 90' lang='grc' dir='ltr'>ιι</span> <span class='ocrx_word' id='word_1_92' title='bbox 213 1096 265 1155; x_wconf 87' lang='grc'>11.</span> <span class='ocrx_word' id='word_1_93' title='bbox 289 1095 368 1153; x_wconf 88' lang='lat' dir='ltr'>Dum</span> <span class='ocrx_word' id='word_1_94' title='bbox 393 1085 615 1172; x_wconf 65' lang='lat' dir='ltr'>prescribitur,</span> <span class='ocrx_word' id='word_1_95' title='bbox 636 1101 671 1153; x_wconf 93' lang='lat' dir='ltr'>ut</span> <span class='ocrx_word' id='word_1_96' title='bbox 693 1092 850 1151; x_wconf 69' lang='lat' dir='ltr'>visitentur</span> <span class='ocrx_word' id='word_1_97' title='bbox 875 1092 991 1171; x_wconf 78' lang='lat' dir='ltr'>aliquot</span> <span class='ocrx_word' id='word_1_98' title='bbox 1013 1094 1138 1167; x_wconf 82' lang='lat' dir='ltr'>altaria,</span> 
     </span>
     <span class='ocr_line' id='line_1_13' title="bbox 135 1177 1141 1250; baseline -0.002 -9"><span class='ocrx_word' id='word_1_99' title='bbox 135 1202 152 1235; x_wconf 76' lang='grc'>1</span> <span class='ocrx_word' id='word_1_100' title='bbox 175 1180 284 1242; x_wconf 82' lang='lat' dir='ltr'>sufficit</span> <span class='ocrx_word' id='word_1_101' title='bbox 296 1179 335 1240; x_wconf 84' lang='lat' dir='ltr'>ed</span> <span class='ocrx_word' id='word_1_102' title='bbox 350 1179 401 1239; x_wconf 89' lang='lat' dir='ltr'>illu</span> <span class='ocrx_word' id='word_1_103' title='bbox 418 1197 451 1239; x_wconf 88' lang='lat' dir='ltr'>sc</span> <span class='ocrx_word' id='word_1_104' title='bbox 462 1178 575 1239; x_wconf 84' lang='lat' dir='ltr'>orando</span> <span class='ocrx_word' id='word_1_105' title='bbox 589 1187 761 1238; x_wconf 86' lang='lat' dir='ltr'>convertere</span> <span class='ocrx_word' id='word_1_106' title='bbox 773 1179 877 1237; x_wconf 89' lang='lat' dir='ltr'>eodem</span> <span class='ocrx_word' id='word_1_107' title='bbox 893 1179 973 1250; x_wconf 86' lang='lat' dir='ltr'>loco,</span> <span class='ocrx_word' id='word_1_108' title='bbox 986 1188 1021 1239; x_wconf 88' lang='lat' dir='ltr'>ut</span> <span class='ocrx_word' id='word_1_109' title='bbox 1032 1177 1141 1239; x_wconf 84' lang='lat' dir='ltr'>hubent</span> 
     </span>
     <span class='ocr_line' id='line_1_14' title="bbox 137 1261 1139 1345; baseline 0.004 -24"><span class='ocrx_word' id='word_1_110' title='bbox 137 1289 151 1321; x_wconf 92' lang='grc' dir='ltr'>ιι</span> <span class='ocrx_word' id='word_1_111' title='bbox 174 1266 241 1341; x_wconf 79' lang='lat' dir='ltr'>So,</span> <span class='ocrx_word' id='word_1_112' title='bbox 263 1268 375 1327; x_wconf 84' lang='lat' dir='ltr'>Boooc.</span> <span class='ocrx_word' id='word_1_113' title='bbox 402 1264 493 1325; x_wconf 84' lang='lat' dir='ltr'>Suor.</span> <span class='ocrx_word' id='word_1_114' title='bbox 513 1261 605 1325; x_wconf 85' lang='lat' dir='ltr'>liodr.</span> <span class='ocrx_word' id='word_1_115' title='bbox 629 1264 743 1323; x_wconf 84' lang='lat' dir='ltr'>Diona.</span> <span class='ocrx_word' id='word_1_116' title='bbox 768 1262 889 1323; x_wconf 78' lang='lat' dir='ltr'>limitat</span> <span class='ocrx_word' id='word_1_117' title='bbox 912 1272 1012 1322; x_wconf 90' lang='lat' dir='ltr'>autem</span> <span class='ocrx_word' id='word_1_118' title='bbox 1033 1266 1139 1345; x_wconf 83' lang='lat' dir='ltr'>Lupo,</span> 
     </span>
     <span class='ocr_line' id='line_1_15' title="bbox 137 1344 1141 1427; baseline 0.005 -22"><span class='ocrx_word' id='word_1_119' title='bbox 137 1376 151 1405; x_wconf 89' lang='grc' dir='ltr'>ιι</span> <span class='ocrx_word' id='word_1_120' title='bbox 175 1352 200 1411; x_wconf 85' lang='lat' dir='ltr'>si</span> <span class='ocrx_word' id='word_1_121' title='bbox 219 1353 258 1412; x_wconf 86' lang='lat' dir='ltr'>sit</span> <span class='ocrx_word' id='word_1_122' title='bbox 277 1352 327 1411; x_wconf 87' lang='lat' dir='ltr'>tali</span> <span class='ocrx_word' id='word_1_123' title='bbox 347 1351 432 1421; x_wconf 87' lang='lat' dir='ltr'>loeo,</span> <span class='ocrx_word' id='word_1_124' title='bbox 445 1357 477 1409; x_wconf 90' lang='lat' dir='ltr'>et</span> <span class='ocrx_word' id='word_1_125' title='bbox 495 1350 577 1421; x_wconf 88' lang='lat' dir='ltr'>situ,</span> <span class='ocrx_word' id='word_1_126' title='bbox 596 1356 631 1408; x_wconf 92' lang='lat' dir='ltr'>ut</span> <span class='ocrx_word' id='word_1_127' title='bbox 648 1348 801 1409; x_wconf 78' lang='lat' dir='ltr'>moraliter</span> <span class='ocrx_word' id='word_1_128' title='bbox 814 1344 927 1408; x_wconf 70' lang='lat' dir='ltr'>censeri</span> <span class='ocrx_word' id='word_1_129' title='bbox 948 1349 1041 1427; x_wconf 85' lang='lat' dir='ltr'>possit</span> <span class='ocrx_word' id='word_1_130' title='bbox 1058 1368 1141 1410; x_wconf 83' lang='lat' dir='ltr'>orare</span> 
     </span>
     <span class='ocr_line' id='line_1_16' title="bbox 137 1433 1017 1498; baseline -0.005 -7"><span class='ocrx_word' id='word_1_131' title='bbox 137 1460 152 1491; x_wconf 92' lang='grc' dir='ltr'>ι</span> <span class='ocrx_word' id='word_1_132' title='bbox 174 1436 211 1496; x_wconf 90' lang='lat' dir='ltr'>od</span> <span class='ocrx_word' id='word_1_133' title='bbox 226 1435 277 1496; x_wconf 87' lang='lat' dir='ltr'>illa</span> <span class='ocrx_word' id='word_1_134' title='bbox 292 1436 406 1495; x_wconf 83' lang='lat' dir='ltr'>altaria.</span> <span class='ocrx_word' id='word_1_135' title='bbox 422 1436 463 1493; x_wconf 88' lang='lat' dir='ltr'>D.</span> <span class='ocrx_word' id='word_1_136' title='bbox 477 1434 527 1495; x_wconf 78' lang='lat' dir='ltr'>m.</span> <span class='ocrx_word' id='word_1_137' title='bbox 541 1451 573 1492; x_wconf 82' lang='grc' dir='ltr'>ιι.</span> <span class='ocrx_word' id='word_1_138' title='bbox 588 1433 637 1492; x_wconf 77' lang='grc'><strong>93.</strong></span> <span class='ocrx_word' id='word_1_139' title='bbox 1011 1488 1017 1498; x_wconf 81' lang='grc'><em>,</em></span> 
     </span>
    </p>

    <p class='ocr_par' dir='ltr' id='par_1_5' title="bbox 137 1514 1142 1848">
     <span class='ocr_line' id='line_1_17' title="bbox 180 1514 1142 1595; baseline -0.005 -16"><span class='ocrx_word' id='word_1_140' title='bbox 180 1543 194 1573; x_wconf 81' lang='grc' dir='ltr'>ι</span> <span class='ocrx_word' id='word_1_141' title='bbox 214 1520 263 1581; x_wconf 87' lang='grc'>18.</span> <span class='ocrx_word' id='word_1_142' title='bbox 278 1516 354 1579; x_wconf 83' lang='lat' dir='ltr'>Cirm</span> <span class='ocrx_word' id='word_1_143' title='bbox 373 1518 514 1579; x_wconf 73' lang='lat' dir='ltr'>confessio</span> <span class='ocrx_word' id='word_1_144' title='bbox 534 1516 757 1595; x_wconf 78' lang='lat' dir='ltr'>prescribitur,</span> <span class='ocrx_word' id='word_1_145' title='bbox 776 1516 834 1577; x_wconf 83' lang='lat' dir='ltr'>nisi</span> <span class='ocrx_word' id='word_1_146' title='bbox 850 1515 883 1577; x_wconf 95' lang='lat' dir='ltr'>in</span> <span class='ocrx_word' id='word_1_147' title='bbox 900 1514 982 1576; x_wconf 88' lang='lat' dir='ltr'>bulla</span> <span class='ocrx_word' id='word_1_148' title='bbox 994 1515 1142 1592; x_wconf 85' lang='lat' dir='ltr'>exprima-</span> 
     </span>
     <span class='ocr_line' id='line_1_18' title="bbox 137 1598 1142 1679; baseline 0.001 -21"><span class='ocrx_word' id='word_1_149' title='bbox 137 1628 154 1658; x_wconf 93' lang='grc' dir='ltr'>ιι</span> <span class='ocrx_word' id='word_1_150' title='bbox 176 1611 228 1664; x_wconf 88' lang='lat' dir='ltr'>tur</span> <span class='ocrx_word' id='word_1_151' title='bbox 249 1598 434 1674; x_wconf 81' lang='lat' dir='ltr'>venialium,</span> <span class='ocrx_word' id='word_1_152' title='bbox 453 1601 634 1679; x_wconf 79' lang='lat' dir='ltr'>probabilius</span> <span class='ocrx_word' id='word_1_153' title='bbox 660 1610 704 1660; x_wconf 90' lang='lat' dir='ltr'>est</span> <span class='ocrx_word' id='word_1_154' title='bbox 725 1619 785 1661; x_wconf 91' lang='lat' dir='ltr'>uon</span> <span class='ocrx_word' id='word_1_155' title='bbox 806 1600 919 1678; x_wconf 88' lang='lat' dir='ltr'>requiri</span> <span class='ocrx_word' id='word_1_156' title='bbox 939 1609 973 1660; x_wconf 91' lang='lat' dir='ltr'>ut</span> <span class='ocrx_word' id='word_1_157' title='bbox 998 1600 1142 1659; x_wconf 89' lang='lat' dir='ltr'>conditio·</span> 
     </span>
     <span class='ocr_line' id='line_1_19' title="bbox 138 1684 1140 1764; baseline -0.005 -16"><span class='ocrx_word' id='word_1_158' title='bbox 138 1712 152 1741; x_wconf 82' lang='grc' dir='ltr'>ι</span> <span class='ocrx_word' id='word_1_159' title='bbox 175 1706 245 1748; x_wconf 91' lang='lat' dir='ltr'>nem</span> <span class='ocrx_word' id='word_1_160' title='bbox 262 1690 327 1747; x_wconf 88' lang='lat' dir='ltr'>sine</span> <span class='ocrx_word' id='word_1_161' title='bbox 341 1705 398 1764; x_wconf 88' lang='lat' dir='ltr'>qua</span> <span class='ocrx_word' id='word_1_162' title='bbox 412 1704 492 1760; x_wconf 88' lang='lat' dir='ltr'>non,</span> <span class='ocrx_word' id='word_1_163' title='bbox 506 1684 559 1747; x_wconf 83' lang='lat' dir='ltr'>sed</span> <span class='ocrx_word' id='word_1_164' title='bbox 574 1694 614 1746; x_wconf 86' lang='lat' dir='ltr'>ut·</span> <span class='ocrx_word' id='word_1_165' title='bbox 626 1684 848 1764; x_wconf 76' lang='lat' dir='ltr'>dispositionem</span> <span class='ocrx_word' id='word_1_166' title='bbox 860 1684 898 1744; x_wconf 87' lang='lat' dir='ltr'>ad</span> <span class='ocrx_word' id='word_1_167' title='bbox 908 1691 1017 1743; x_wconf 85' lang='lat' dir='ltr'>statum</span> <span class='ocrx_word' id='word_1_168' title='bbox 1030 1686 1140 1761; x_wconf 74' lang='lat' dir='ltr'>gratim.</span> 
     </span>
     <span class='ocr_line' id='line_1_20' title="bbox 138 1768 409 1848; baseline -0.015 -16"><span class='ocrx_word' id='word_1_169' title='bbox 138 1796 152 1825; x_wconf 72' lang='lat' dir='ltr'>a</span> <span class='ocrx_word' id='word_1_170' title='bbox 177 1774 255 1833; x_wconf 83' lang='lat' dir='ltr'>Bott.</span> <span class='ocrx_word' id='word_1_171' title='bbox 274 1768 409 1848; x_wconf 61' lang='grc'><strong>1811).</strong></span> 
     </span>
    </p>

    <p class='ocr_par' dir='ltr' id='par_1_6' title="bbox 136 1852 1143 2187">
     <span class='ocr_line' id='line_1_21' title="bbox 180 1852 1143 1933; baseline -0.002 -18"><span class='ocrx_word' id='word_1_172' title='bbox 180 1880 194 1909; x_wconf 81' lang='grc' dir='ltr'>ι</span> <span class='ocrx_word' id='word_1_173' title='bbox 214 1858 263 1915; x_wconf 97' lang='grc'>19.</span> <span class='ocrx_word' id='word_1_174' title='bbox 284 1856 381 1920; x_wconf 83' lang='lat' dir='ltr'>Nemo</span> <span class='ocrx_word' id='word_1_175' title='bbox 397 1854 587 1931; x_wconf 80' lang='lat' dir='ltr'>consequitur</span> <span class='ocrx_word' id='word_1_176' title='bbox 604 1854 769 1933; x_wconf 86' lang='lat' dir='ltr'>plenariam</span> <span class='ocrx_word' id='word_1_177' title='bbox 783 1852 998 1932; x_wconf 85' lang='lat' dir='ltr'>indulgentiam</span> <span class='ocrx_word' id='word_1_178' title='bbox 1012 1862 1143 1929; x_wconf 79' lang='lat' dir='ltr'>pcccato-</span> 
     </span>
     <span class='ocr_line' id='line_1_22' title="bbox 136 1938 1141 2018; baseline 0.002 -22"><span class='ocrx_word' id='word_1_179' title='bbox 136 1964 151 1996; x_wconf 92' lang='grc' dir='ltr'>ιι</span> <span class='ocrx_word' id='word_1_180' title='bbox 174 1956 244 2000; x_wconf 90' lang='lat' dir='ltr'>rum</span> <span class='ocrx_word' id='word_1_181' title='bbox 262 1940 418 2010; x_wconf 84' lang='lat' dir='ltr'>omnium,</span> <span class='ocrx_word' id='word_1_182' title='bbox 438 1938 494 1998; x_wconf 86' lang='lat' dir='ltr'>nisi</span> <span class='ocrx_word' id='word_1_183' title='bbox 509 1939 592 1999; x_wconf 92' lang='lat' dir='ltr'>omni</span> <span class='ocrx_word' id='word_1_184' title='bbox 614 1940 720 2018; x_wconf 90' lang='lat' dir='ltr'>culpa,</span> <span class='ocrx_word' id='word_1_185' title='bbox 738 1940 827 2000; x_wconf 90' lang='lat' dir='ltr'>etiam</span> <span class='ocrx_word' id='word_1_186' title='bbox 846 1938 973 2010; x_wconf 84' lang='lat' dir='ltr'>veniali,</span> <span class='ocrx_word' id='word_1_187' title='bbox 994 1938 1071 1998; x_wconf 91' lang='lat' dir='ltr'>liber</span> <span class='ocrx_word' id='word_1_188' title='bbox 1082 1938 1141 2011; x_wconf 90' lang='lat' dir='ltr'>sit,</span> 
     </span>
     <span class='ocr_line' id='line_1_23' title="bbox 136 2022 1143 2102; baseline 0.003 -22"><span class='ocrx_word' id='word_1_189' title='bbox 136 2022 293 2102; x_wconf 65' lang='lat' dir='ltr'>equando</span> <span class='ocrx_word' id='word_1_190' title='bbox 318 2023 459 2082; x_wconf 90' lang='lat' dir='ltr'>ultimum</span> <span class='ocrx_word' id='word_1_191' title='bbox 484 2041 560 2099; x_wconf 92' lang='lat' dir='ltr'>opus</span> <span class='ocrx_word' id='word_1_192' title='bbox 584 2025 693 2102; x_wconf 84' lang='lat' dir='ltr'>explet.</span> <span class='ocrx_word' id='word_1_193' title='bbox 721 2024 804 2084; x_wconf 86' lang='lat' dir='ltr'>Unde</span> <span class='ocrx_word' id='word_1_194' title='bbox 828 2024 996 2085; x_wconf 87' lang='lat' dir='ltr'>consultum</span> <span class='ocrx_word' id='word_1_195' title='bbox 1018 2031 1084 2095; x_wconf 85' lang='lat' dir='ltr'>est,</span> <span class='ocrx_word' id='word_1_196' title='bbox 1109 2032 1143 2083; x_wconf 93' lang='lat' dir='ltr'>ut</span> 
     </span>
     <span class='ocr_line' id='line_1_24' title="bbox 136 2105 781 2187; baseline 0.003 -23"><span class='ocrx_word' id='word_1_197' title='bbox 136 2133 151 2164; x_wconf 91' lang='grc' dir='ltr'>ιι</span> <span class='ocrx_word' id='word_1_198' title='bbox 175 2105 346 2168; x_wconf 91' lang='lat' dir='ltr'>communio</span> <span class='ocrx_word' id='word_1_199' title='bbox 365 2106 403 2165; x_wconf 91' lang='lat' dir='ltr'>sit</span> <span class='ocrx_word' id='word_1_200' title='bbox 421 2105 574 2165; x_wconf 89' lang='lat' dir='ltr'>ultimum.</span> <span class='ocrx_word' id='word_1_201' title='bbox 590 2107 664 2168; x_wconf 83' lang='lat' dir='ltr'>Vide</span> <span class='ocrx_word' id='word_1_202' title='bbox 675 2109 781 2187; x_wconf 81' lang='lat' dir='ltr'>chm.</span> 
     </span>
    </p>

    <p class='ocr_par' dir='ltr' id='par_1_7' title="bbox 135 2189 1145 2610">
     <span class='ocr_line' id='line_1_25' title="bbox 174 2189 1144 2268; baseline -0.002 -16"><span class='ocrx_word' id='word_1_203' title='bbox 174 2194 294 2252; x_wconf 86' lang='lat' dir='ltr'>Cortum</span> <span class='ocrx_word' id='word_1_204' title='bbox 312 2199 374 2262; x_wconf 89' lang='lat' dir='ltr'>est,</span> <span class='ocrx_word' id='word_1_205' title='bbox 397 2199 549 2268; x_wconf 82' lang='lat' dir='ltr'>peccatum</span> <span class='ocrx_word' id='word_1_206' title='bbox 572 2191 688 2252; x_wconf 86' lang='lat' dir='ltr'>veniale</span> <span class='ocrx_word' id='word_1_207' title='bbox 707 2209 768 2252; x_wconf 91' lang='lat' dir='ltr'>non</span> <span class='ocrx_word' id='word_1_208' title='bbox 786 2192 944 2252; x_wconf 83' lang='lat' dir='ltr'>remissum</span> <span class='ocrx_word' id='word_1_209' title='bbox 961 2189 1058 2268; x_wconf 91' lang='lat' dir='ltr'>quoad</span> <span class='ocrx_word' id='word_1_210' title='bbox 1081 2192 1144 2252; x_wconf 89' lang='lat' dir='ltr'>cul·</span> 
     </span>
     <span class='ocr_line' id='line_1_26' title="bbox 135 2273 1142 2356; baseline -0.001 -21"><span class='ocrx_word' id='word_1_211' title='bbox 135 2293 226 2354; x_wconf 89' lang='lat' dir='ltr'>pum,</span> <span class='ocrx_word' id='word_1_212' title='bbox 245 2294 306 2335; x_wconf 89' lang='lat' dir='ltr'>non</span> <span class='ocrx_word' id='word_1_213' title='bbox 331 2293 416 2353; x_wconf 85' lang='lat' dir='ltr'>posse</span> <span class='ocrx_word' id='word_1_214' title='bbox 440 2275 554 2335; x_wconf 89' lang='lat' dir='ltr'>remitti</span> <span class='ocrx_word' id='word_1_215' title='bbox 577 2277 672 2354; x_wconf 83' lang='lat' dir='ltr'>quoad</span> <span class='ocrx_word' id='word_1_216' title='bbox 700 2295 827 2354; x_wconf 85' lang='lat' dir='ltr'>poenam.</span> <span class='ocrx_word' id='word_1_217' title='bbox 850 2279 892 2336; x_wconf 88' lang='lat' dir='ltr'>lta</span> <span class='ocrx_word' id='word_1_218' title='bbox 911 2279 944 2337; x_wconf 81' lang='lat' dir='ltr'>S.</span> <span class='ocrx_word' id='word_1_219' title='bbox 963 2273 1018 2336; x_wconf 83' lang='lat' dir='ltr'>Tit.</span> <span class='ocrx_word' id='word_1_220' title='bbox 1037 2273 1142 2356; x_wconf 83' lang='lat' dir='ltr'>Suppi.</span> 
     </span>
     <span class='ocr_line' id='line_1_27' title="bbox 135 2361 1145 2442; baseline -0.001 -21"><span class='ocrx_word' id='word_1_221' title='bbox 135 2379 167 2441; x_wconf 89' lang='lat' dir='ltr'>q.</span> <span class='ocrx_word' id='word_1_222' title='bbox 181 2363 231 2421; x_wconf 79' lang='grc'><strong>97.</strong></span> <span class='ocrx_word' id='word_1_223' title='bbox 245 2368 305 2421; x_wconf 84' lang='lat' dir='ltr'>ort.</span> <span class='ocrx_word' id='word_1_224' title='bbox 321 2361 350 2420; x_wconf 89' lang='grc'>1.</span> <span class='ocrx_word' id='word_1_225' title='bbox 369 2379 459 2438; x_wconf 88' lang='lat' dir='ltr'>quem</span> <span class='ocrx_word' id='word_1_226' title='bbox 476 2368 641 2438; x_wconf 87' lang='lat' dir='ltr'>sequuntur</span> <span class='ocrx_word' id='word_1_227' title='bbox 661 2363 736 2422; x_wconf 87' lang='lat' dir='ltr'>Viuo</span> <span class='ocrx_word' id='word_1_228' title='bbox 749 2378 780 2440; x_wconf 88' lang='lat' dir='ltr'>q.</span> <span class='ocrx_word' id='word_1_229' title='bbox 797 2364 826 2422; x_wconf 82' lang='grc'><strong>6.</strong></span> <span class='ocrx_word' id='word_1_230' title='bbox 842 2381 873 2421; x_wconf 90' lang='lat' dir='ltr'>o.</span> <span class='ocrx_word' id='word_1_231' title='bbox 891 2365 968 2423; x_wconf 65' lang='grc'><strong>911.</strong></span> <span class='ocrx_word' id='word_1_232' title='bbox 990 2363 1021 2421; x_wconf 77' lang='lat'>2.</span> <span class='ocrx_word' id='word_1_233' title='bbox 1037 2363 1145 2442; x_wconf 85' lang='lat' dir='ltr'>Sporcr</span> 
     </span>
     <span class='ocr_line' id='line_1_28' title="bbox 136 2442 1143 2525; baseline -0.002 -19"><span class='ocrx_word' id='word_1_234' title='bbox 136 2464 167 2525; x_wconf 85' lang='lat' dir='ltr'>p.</span> <span class='ocrx_word' id='word_1_235' title='bbox 187 2449 255 2506; x_wconf 72' lang='lat' dir='ltr'>tet.</span> <span class='ocrx_word' id='word_1_236' title='bbox 275 2463 307 2504; x_wconf 81' lang='lat' dir='ltr'>rc.</span> <span class='ocrx_word' id='word_1_237' title='bbox 328 2447 359 2505; x_wconf 91' lang='grc'>8.</span> <span class='ocrx_word' id='word_1_238' title='bbox 375 2452 405 2503; x_wconf 90' lang='lat' dir='ltr'>ct</span> <span class='ocrx_word' id='word_1_239' title='bbox 418 2442 476 2504; x_wconf 80' lang='lat' dir='ltr'>otii</span> <span class='ocrx_word' id='word_1_240' title='bbox 498 2447 623 2525; x_wconf 73' lang='lat' dir='ltr'>poecile.</span> <span class='ocrx_word' id='word_1_241' title='bbox 650 2446 727 2506; x_wconf 91' lang='lat' dir='ltr'>lllud</span> <span class='ocrx_word' id='word_1_242' title='bbox 748 2454 847 2507; x_wconf 88' lang='lat' dir='ltr'>tumen</span> <span class='ocrx_word' id='word_1_243' title='bbox 869 2447 983 2506; x_wconf 84' lang='lat' dir='ltr'>veniale</span> <span class='ocrx_word' id='word_1_244' title='bbox 1003 2465 1064 2506; x_wconf 92' lang='lat' dir='ltr'>non</span> <span class='ocrx_word' id='word_1_245' title='bbox 1088 2447 1143 2505; x_wconf 88' lang='lat' dir='ltr'>im-</span> 
     </span>
     <span class='ocr_line' id='line_1_29' title="bbox 136 2528 1145 2610; baseline 0.002 -20"><span class='ocrx_word' id='word_1_246' title='bbox 136 2531 238 2610; x_wconf 82' lang='lat' dir='ltr'>pedit,</span> <span class='ocrx_word' id='word_1_247' title='bbox 258 2528 418 2608; x_wconf 81' lang='lat' dir='ltr'>quominirs</span> <span class='ocrx_word' id='word_1_248' title='bbox 438 2531 608 2590; x_wconf 84' lang='lat' dir='ltr'>remittatur</span> <span class='ocrx_word' id='word_1_249' title='bbox 629 2549 716 2609; x_wconf 82' lang='lat' dir='ltr'>poeuu</span> <span class='ocrx_word' id='word_1_250' title='bbox 734 2531 831 2592; x_wconf 86' lang='lat' dir='ltr'>debito</span> <span class='ocrx_word' id='word_1_251' title='bbox 855 2533 920 2592; x_wconf 85' lang='lat' dir='ltr'>aliis</span> <span class='ocrx_word' id='word_1_252' title='bbox 942 2533 1068 2610; x_wconf 81' lang='lat' dir='ltr'>peccatis</span> <span class='ocrx_word' id='word_1_253' title='bbox 1084 2531 1145 2609; x_wconf 84' lang='lat' dir='ltr'>jam</span> 
     </span>
    </p>
   </div>
   <div class='ocr_carea' id='block_1_3' title="bbox 136 2611 1145 2698">
    <p class='ocr_par' dir='ltr' id='par_1_8' title="bbox 136 2611 1145 2698">
     <span class='ocr_line' id='line_1_30' title="bbox 136 2611 1145 2698; baseline 0.002 -24"><span class='ocrx_word' id='word_1_254' title='bbox 136 2616 278 2676; x_wconf 81' lang='lat' dir='ltr'>remissis.</span> <span class='ocrx_word' id='word_1_255' title='bbox 293 2613 389 2688; x_wconf 85' lang='lat' dir='ltr'>Vivo,</span> <span class='ocrx_word' id='word_1_256' title='bbox 407 2623 436 2676; x_wconf 88' lang='lat' dir='ltr'>ct</span> <span class='ocrx_word' id='word_1_257' title='bbox 447 2616 554 2696; x_wconf 83' lang='lat' dir='ltr'>Sporcr</span> <span class='ocrx_word' id='word_1_258' title='bbox 571 2611 603 2674; x_wconf 83' lang='grc'>11.</span> <span class='ocrx_word' id='word_1_259' title='bbox 621 2633 661 2676; x_wconf 87' lang='lat' dir='ltr'>cc.</span> <span class='ocrx_word' id='word_1_260' title='bbox 679 2633 714 2676; x_wconf 86' lang='lat' dir='ltr'>oc</span> <span class='ocrx_word' id='word_1_261' title='bbox 729 2613 868 2698; x_wconf 81' lang='lat' dir='ltr'>Wiqucdt</span> <span class='ocrx_word' id='word_1_262' title='bbox 885 2626 921 2676; x_wconf 87' lang='lat' dir='ltr'>tr.</span> <span class='ocrx_word' id='word_1_263' title='bbox 944 2620 991 2678; x_wconf 84' lang='grc'>11.</span> <span class='ocrx_word' id='word_1_264' title='bbox 1002 2635 1036 2677; x_wconf 88' lang='lat' dir='ltr'>n.</span> <span class='ocrx_word' id='word_1_265' title='bbox 1049 2617 1100 2678; x_wconf 86' lang='grc'>91.</span> <span class='ocrx_word' id='word_1_266' title='bbox 1116 2625 1145 2678; x_wconf 89' lang='lat' dir='ltr'>ct</span> 
     </span>
    </p>
   </div>
   <div class='ocr_carea' id='block_1_4' title="bbox 136 2775 1148 3097">
    <p class='ocr_par' dir='ltr' id='par_1_9' title="bbox 136 2775 1148 3097">
     <span class='ocr_line' id='line_1_31' title="bbox 164 2775 1145 2840; baseline 0.001 -19"><span class='ocrx_word' id='word_1_267' title='bbox 164 2777 257 2840; x_wconf 75' lang='lat' dir='ltr'>(tilam</span> <span class='ocrx_word' id='word_1_268' title='bbox 267 2782 399 2822; x_wconf 80' lang='lat' dir='ltr'>constater</span> <span class='ocrx_word' id='word_1_269' title='bbox 409 2775 509 2822; x_wconf 75' lang='lat' dir='ltr'>Decreto</span> <span class='ocrx_word' id='word_1_270' title='bbox 520 2777 543 2822; x_wconf 82' lang='grc'><strong>9.</strong></span> <span class='ocrx_word' id='word_1_271' title='bbox 555 2775 672 2836; x_wconf 71' lang='lat' dir='ltr'>Congreq.</span> <span class='ocrx_word' id='word_1_272' title='bbox 685 2776 887 2836; x_wconf 71' lang='lat' dir='ltr'>indulgentiarum</span> <span class='ocrx_word' id='word_1_273' title='bbox 898 2777 928 2826; x_wconf 84' lang='grc'>19</span> <span class='ocrx_word' id='word_1_274' title='bbox 937 2777 993 2836; x_wconf 74' lang='lat' dir='ltr'>llsj.</span> <span class='ocrx_word' id='word_1_275' title='bbox 1005 2777 1082 2830; x_wconf 82' lang='grc'><strong>1759,</strong></span> <span class='ocrx_word' id='word_1_276' title='bbox 1101 2791 1145 2838; x_wconf 83' lang='lat' dir='ltr'>per</span> 
     </span>
     <span class='ocr_line' id='line_1_32' title="bbox 136 2843 1145 2904; baseline -0.004 -13"><span class='ocrx_word' id='word_1_277' title='bbox 136 2845 197 2892; x_wconf 90' lang='lat' dir='ltr'>illud</span> <span class='ocrx_word' id='word_1_278' title='bbox 207 2861 214 2889; x_wconf 73' lang='grc' dir='ltr'>ι</span> <span class='ocrx_word' id='word_1_279' title='bbox 225 2846 271 2889; x_wconf 84' lang='lat' dir='ltr'>rite</span> <span class='ocrx_word' id='word_1_280' title='bbox 279 2844 385 2889; x_wconf 78' lang='lat' dir='ltr'>contritio</span> <span class='ocrx_word' id='word_1_281' title='bbox 396 2849 418 2888; x_wconf 85' lang='lat' dir='ltr'>et</span> <span class='ocrx_word' id='word_1_282' title='bbox 426 2843 550 2900; x_wconf 72' lang='lat' dir='ltr'>mosontio,</span> <span class='ocrx_word' id='word_1_283' title='bbox 562 2843 584 2887; x_wconf 87' lang='lat' dir='ltr'>in</span> <span class='ocrx_word' id='word_1_284' title='bbox 595 2843 699 2889; x_wconf 83' lang='lat' dir='ltr'>decretis</span> <span class='ocrx_word' id='word_1_285' title='bbox 715 2844 799 2904; x_wconf 85' lang='lat' dir='ltr'>apponi</span> <span class='ocrx_word' id='word_1_286' title='bbox 814 2844 929 2896; x_wconf 78' lang='lat' dir='ltr'>solitum,</span> <span class='ocrx_word' id='word_1_287' title='bbox 946 2843 1037 2904; x_wconf 87' lang='lat' dir='ltr'>requiri</span> <span class='ocrx_word' id='word_1_288' title='bbox 1053 2845 1145 2888; x_wconf 79' lang='lat' dir='ltr'>confes·</span> 
     </span>
     <span class='ocr_line' id='line_1_33' title="bbox 136 2908 1146 2968; baseline -0.005 -12"><span class='ocrx_word' id='word_1_289' title='bbox 136 2910 225 2958; x_wconf 82' lang='lat' dir='ltr'>aionem</span> <span class='ocrx_word' id='word_1_290' title='bbox 242 2908 434 2955; x_wconf 75' lang='lat' dir='ltr'>sacramentalem</span> <span class='ocrx_word' id='word_1_291' title='bbox 442 2921 491 2954; x_wconf 85' lang='lat' dir='ltr'>non</span> <span class='ocrx_word' id='word_1_292' title='bbox 503 2913 529 2951; x_wconf 88' lang='lat' dir='ltr'>ut</span> <span class='ocrx_word' id='word_1_293' title='bbox 544 2909 645 2954; x_wconf 81' lang='lat' dir='ltr'>medium</span> <span class='ocrx_word' id='word_1_294' title='bbox 657 2909 686 2954; x_wconf 84' lang='lat' dir='ltr'>ad</span> <span class='ocrx_word' id='word_1_295' title='bbox 697 2916 782 2954; x_wconf 85' lang='lat' dir='ltr'>statum</span> <span class='ocrx_word' id='word_1_296' title='bbox 798 2912 890 2966; x_wconf 75' lang='lat' dir='ltr'>gratie,</span> <span class='ocrx_word' id='word_1_297' title='bbox 904 2909 948 2955; x_wconf 85' lang='lat' dir='ltr'>aed</span> <span class='ocrx_word' id='word_1_298' title='bbox 967 2915 1078 2968; x_wconf 80' lang='lat' dir='ltr'>tauquam</span> <span class='ocrx_word' id='word_1_299' title='bbox 1092 2921 1146 2952; x_wconf 89' lang='lat' dir='ltr'>con-</span> 
     </span>
     <span class='ocr_line' id='line_1_34' title="bbox 136 2973 1145 3032; baseline -0.006 -9"><span class='ocrx_word' id='word_1_300' title='bbox 136 2975 249 3023; x_wconf 86' lang='lat' dir='ltr'>ditionem</span> <span class='ocrx_word' id='word_1_301' title='bbox 264 2976 315 3018; x_wconf 76' lang='lat' dir='ltr'>aine</span> <span class='ocrx_word' id='word_1_302' title='bbox 330 2985 378 3030; x_wconf 73' lang='lat' dir='ltr'>quo</span> <span class='ocrx_word' id='word_1_303' title='bbox 392 2985 459 3024; x_wconf 77' lang='lat' dir='ltr'>eota,-</span> <span class='ocrx_word' id='word_1_304' title='bbox 473 2980 576 3018; x_wconf 83' lang='lat' dir='ltr'>attamen</span> <span class='ocrx_word' id='word_1_305' title='bbox 588 2987 619 3018; x_wconf 83' lang='lat' dir='ltr'>ex</span> <span class='ocrx_word' id='word_1_306' title='bbox 629 2973 712 3020; x_wconf 81' lang='lat' dir='ltr'>eadem</span> <span class='ocrx_word' id='word_1_307' title='bbox 728 2976 752 3019; x_wconf 84' lang='lat' dir='ltr'>S.</span> <span class='ocrx_word' id='word_1_308' title='bbox 765 2975 851 3032; x_wconf 72' lang='lat' dir='ltr'>Conqr.</span> <span class='ocrx_word' id='word_1_309' title='bbox 871 2975 967 3032; x_wconf 72' lang='lat' dir='ltr'>ludulq.</span> <span class='ocrx_word' id='word_1_310' title='bbox 979 2973 1011 3018; x_wconf 91' lang='grc'>15</span> <span class='ocrx_word' id='word_1_311' title='bbox 1023 2975 1079 3018; x_wconf 86' lang='lat' dir='ltr'>tlee.</span> <span class='ocrx_word' id='word_1_312' title='bbox 1090 2973 1145 3017; x_wconf 90' lang='grc'><strong>1811</strong></span> 
     </span>
     <span class='ocr_line' id='line_1_35' title="bbox 137 3037 1148 3097; baseline -0.006 -9"><span class='ocrx_word' id='word_1_313' title='bbox 137 3054 235 3089; x_wconf 78' lang='lat' dir='ltr'>necesse</span> <span class='ocrx_word' id='word_1_314' title='bbox 245 3052 291 3084; x_wconf 88' lang='lat' dir='ltr'>non</span> <span class='ocrx_word' id='word_1_315' title='bbox 301 3046 340 3084; x_wconf 81' lang='lat' dir='ltr'>eet</span> <span class='ocrx_word' id='word_1_316' title='bbox 350 3069 357 3093; x_wconf 87' lang='lat'><strong>‚</strong></span> <span class='ocrx_word' id='word_1_317' title='bbox 370 3037 538 3097; x_wconf 75' lang='lat' dir='ltr'>paenitentibus</span> <span class='ocrx_word' id='word_1_318' title='bbox 554 3038 672 3084; x_wconf 79' lang='lat' dir='ltr'>absolutio</span> <span class='ocrx_word' id='word_1_319' title='bbox 682 3040 753 3085; x_wconf 89' lang='lat' dir='ltr'>detur</span> <span class='ocrx_word' id='word_1_320' title='bbox 763 3039 793 3084; x_wconf 88' lang='lat' dir='ltr'>ad</span> <span class='ocrx_word' id='word_1_321' title='bbox 808 3039 977 3097; x_wconf 73' lang='lat' dir='ltr'>indulgentium</span> <span class='ocrx_word' id='word_1_322' title='bbox 999 3037 1148 3083; x_wconf 82' lang='lat' dir='ltr'>lucrifacien-</span> 
     </span>
    </p>
   </div>
   <div class='ocr_carea' id='block_1_5' title="bbox 137 3099 1209 3163">
    <p class='ocr_par' dir='ltr' id='par_1_10' title="bbox 137 3099 1209 3163">
     <span class='ocr_line' id='line_1_36' title="bbox 137 3099 1209 3163; baseline -0.007 -11"><span class='ocrx_word' id='word_1_323' title='bbox 137 3109 200 3153; x_wconf 83' lang='lat' dir='ltr'>dem.</span> <span class='ocrx_word' id='word_1_324' title='bbox 212 3108 327 3152; x_wconf 71' lang='lat' dir='ltr'>Preterca</span> <span class='ocrx_word' id='word_1_325' title='bbox 344 3117 388 3163; x_wconf 84' lang='lat' dir='ltr'>per</span> <span class='ocrx_word' id='word_1_326' title='bbox 407 3103 533 3147; x_wconf 81' lang='lat' dir='ltr'>Decretum</span> <span class='ocrx_word' id='word_1_327' title='bbox 544 3102 568 3146; x_wconf 78' lang='lat' dir='ltr'>S.</span> <span class='ocrx_word' id='word_1_328' title='bbox 580 3103 669 3162; x_wconf 77' lang='lat' dir='ltr'>Conqr.</span> <span class='ocrx_word' id='word_1_329' title='bbox 688 3104 899 3163; x_wconf 62' lang='lat' dir='ltr'>interpretanti</span> <span class='ocrx_word' id='word_1_330' title='bbox 915 3105 975 3150; x_wconf 70' lang='lat'><strong>1822</strong></span> <span class='ocrx_word' id='word_1_331' title='bbox 991 3099 1146 3154; x_wconf 74' lang='lat' dir='ltr'>conceditur,</span> <span class='ocrx_word' id='word_1_332' title='bbox 1208 3131 1209 3152; x_wconf 53' lang='lat'>2</span> 
     </span>
    </p>
   </div>
   <div class='ocr_carea' id='block_1_6' title="bbox 105 3169 1152 3604">
    <p class='ocr_par' dir='ltr' id='par_1_11' title="bbox 105 3169 1152 3555">
     <span class='ocr_line' id='line_1_37' title="bbox 105 3169 1148 3228; baseline -0.002 -14"><span class='ocrx_word' id='word_1_333' title='bbox 105 3180 111 3187; x_wconf 88' lang='lat'><strong>·</strong></span> <span class='ocrx_word' id='word_1_334' title='bbox 135 3171 306 3219; x_wconf 81' lang='lat' dir='ltr'>coniessionem</span> <span class='ocrx_word' id='word_1_335' title='bbox 322 3169 513 3214; x_wconf 82' lang='lat' dir='ltr'>sacramentalem</span> <span class='ocrx_word' id='word_1_336' title='bbox 531 3176 651 3225; x_wconf 73' lang='lat' dir='ltr'>qreractam</span> <span class='ocrx_word' id='word_1_337' title='bbox 667 3171 734 3228; x_wconf 74' lang='lat' dir='ltr'>infra</span> <span class='ocrx_word' id='word_1_338' title='bbox 750 3171 911 3220; x_wconf 67' lang='lat' dir='ltr'>hebdomadum</span> <span class='ocrx_word' id='word_1_339' title='bbox 929 3173 984 3213; x_wconf 84' lang='lat' dir='ltr'>cote</span> <span class='ocrx_word' id='word_1_340' title='bbox 998 3169 1148 3224; x_wconf 77' lang='lat' dir='ltr'>[reticitotem</span> 
     </span>
     <span class='ocr_line' id='line_1_38' title="bbox 140 3230 1149 3292; baseline -0.006 -11"><span class='ocrx_word' id='word_1_341' title='bbox 140 3235 265 3292; x_wconf 71' lang='lat' dir='ltr'>suffragari</span> <span class='ocrx_word' id='word_1_342' title='bbox 276 3234 306 3279; x_wconf 84' lang='lat' dir='ltr'>ad</span> <span class='ocrx_word' id='word_1_343' title='bbox 322 3233 471 3280; x_wconf 84' lang='lat' dir='ltr'>obtinendam</span> <span class='ocrx_word' id='word_1_344' title='bbox 482 3233 659 3290; x_wconf 65' lang='lat' dir='ltr'>indulgentiam.</span> <span class='ocrx_word' id='word_1_345' title='bbox 671 3233 802 3282; x_wconf 77' lang='lat' dir='ltr'>Notandum</span> <span class='ocrx_word' id='word_1_346' title='bbox 816 3242 895 3280; x_wconf 82' lang='lat' dir='ltr'>autem</span> <span class='ocrx_word' id='word_1_347' title='bbox 906 3267 912 3288; x_wconf 92' lang='lat'>‚</span> <span class='ocrx_word' id='word_1_348' title='bbox 924 3247 968 3292; x_wconf 91' lang='lat' dir='ltr'>per</span> <span class='ocrx_word' id='word_1_349' title='bbox 979 3230 1053 3276; x_wconf 78' lang='lat' dir='ltr'>verbe</span> <span class='ocrx_word' id='word_1_350' title='bbox 1065 3250 1071 3274; x_wconf 80' lang='grc' dir='ltr'>ι</span> <span class='ocrx_word' id='word_1_351' title='bbox 1083 3231 1149 3288; x_wconf 74' lang='lat' dir='ltr'>iufra</span> 
     </span>
     <span class='ocr_line' id='line_1_39' title="bbox 136 3295 1151 3358; baseline -0.005 -15"><span class='ocrx_word' id='word_1_352' title='bbox 136 3299 306 3351; x_wconf 64' lang='lat' dir='ltr'>hebdomadam,</span> <span class='ocrx_word' id='word_1_353' title='bbox 314 3297 412 3355; x_wconf 71' lang='lat' dir='ltr'>intelligi</span> <span class='ocrx_word' id='word_1_354' title='bbox 423 3298 532 3345; x_wconf 76' lang='lat' dir='ltr'>octoclica</span> <span class='ocrx_word' id='word_1_355' title='bbox 543 3300 699 3358; x_wconf 67' lang='lat' dir='ltr'>tantumque</span> <span class='ocrx_word' id='word_1_356' title='bbox 711 3300 860 3346; x_wconf 76' lang='lat' dir='ltr'>festivitatem</span> <span class='ocrx_word' id='word_1_357' title='bbox 873 3296 1007 3344; x_wconf 78' lang='lat' dir='ltr'>immediate</span> <span class='ocrx_word' id='word_1_358' title='bbox 1014 3295 1151 3354; x_wconf 70' lang='lat' dir='ltr'>precedunt</span> 
     </span>
     <span class='ocr_line' id='line_1_40' title="bbox 134 3358 1150 3424; baseline 0 -18"><span class='ocrx_word' id='word_1_359' title='bbox 134 3373 160 3406; x_wconf 83' lang='lat' dir='ltr'>et</span> <span class='ocrx_word' id='word_1_360' title='bbox 171 3377 214 3420; x_wconf 84' lang='lat' dir='ltr'>per</span> <span class='ocrx_word' id='word_1_361' title='bbox 225 3361 358 3420; x_wconf 83' lang='lat' dir='ltr'>hujusmodi</span> <span class='ocrx_word' id='word_1_362' title='bbox 368 3363 536 3408; x_wconf 81' lang='lat' dir='ltr'>confessionem</span> <span class='ocrx_word' id='word_1_363' title='bbox 547 3363 617 3408; x_wconf 86' lang='lat' dir='ltr'>ctiam</span> <span class='ocrx_word' id='word_1_364' title='bbox 633 3364 690 3410; x_wconf 86' lang='lat' dir='ltr'>alias</span> <span class='ocrx_word' id='word_1_365' title='bbox 702 3358 820 3412; x_wconf 76' lang='lat' dir='ltr'>lucrifieri</span> <span class='ocrx_word' id='word_1_366' title='bbox 833 3378 904 3424; x_wconf 79' lang='lat' dir='ltr'>posse</span> <span class='ocrx_word' id='word_1_367' title='bbox 915 3363 1086 3421; x_wconf 74' lang='lat' dir='ltr'>indulgentias,</span> <span class='ocrx_word' id='word_1_368' title='bbox 1099 3375 1150 3420; x_wconf 78' lang='lat' dir='ltr'>quae</span> 
     </span>
     <span class='ocr_line' id='line_1_41' title="bbox 134 3424 1152 3490; baseline 0.005 -25"><span class='ocrx_word' id='word_1_369' title='bbox 134 3424 193 3466; x_wconf 83' lang='lat' dir='ltr'>intra</span> <span class='ocrx_word' id='word_1_370' title='bbox 204 3427 341 3481; x_wconf 75' lang='lat' dir='ltr'>praeclictum</span> <span class='ocrx_word' id='word_1_371' title='bbox 355 3433 447 3484; x_wconf 81' lang='lat' dir='ltr'>tempus</span> <span class='ocrx_word' id='word_1_372' title='bbox 464 3434 593 3474; x_wconf 88' lang='lat' dir='ltr'>occurrunt</span> <span class='ocrx_word' id='word_1_373' title='bbox 602 3435 627 3474; x_wconf 86' lang='lat' dir='ltr'>et</span> <span class='ocrx_word' id='word_1_374' title='bbox 637 3431 666 3474; x_wconf 80' lang='lat' dir='ltr'>nd</span> <span class='ocrx_word' id='word_1_375' title='bbox 678 3445 736 3490; x_wconf 83' lang='lat' dir='ltr'>quas</span> <span class='ocrx_word' id='word_1_376' title='bbox 752 3431 879 3476; x_wconf 79' lang='lat' dir='ltr'>irrorandas</span> <span class='ocrx_word' id='word_1_377' title='bbox 897 3428 1083 3474; x_wconf 82' lang='lat' dir='ltr'>sacramentalis</span> <span class='ocrx_word' id='word_1_378' title='bbox 1093 3440 1152 3474; x_wconf 86' lang='lat' dir='ltr'>cou-</span> 
     </span>
     <span class='ocr_line' id='line_1_42' title="bbox 133 3485 976 3555; baseline 0.018 -30"><span class='ocrx_word' id='word_1_379' title='bbox 133 3485 204 3528; x_wconf 81' lang='lat' dir='ltr'>tcnaio</span> <span class='ocrx_word' id='word_1_380' title='bbox 214 3489 356 3548; x_wconf 69' lang='lat' dir='ltr'>caeteroquin</span> <span class='ocrx_word' id='word_1_381' title='bbox 366 3491 511 3550; x_wconf 87' lang='lat' dir='ltr'>requiritur,</span> <span class='ocrx_word' id='word_1_382' title='bbox 522 3506 551 3538; x_wconf 78' lang='lat' dir='ltr'>ex</span> <span class='ocrx_word' id='word_1_383' title='bbox 563 3493 589 3540; x_wconf 84' lang='lat' dir='ltr'>S.</span> <span class='ocrx_word' id='word_1_384' title='bbox 602 3495 687 3554; x_wconf 73' lang='lat' dir='ltr'>Congr.</span> <span class='ocrx_word' id='word_1_385' title='bbox 701 3495 791 3555; x_wconf 72' lang='lat' dir='ltr'>indulp.</span> <span class='ocrx_word' id='word_1_386' title='bbox 804 3495 833 3543; x_wconf 87' lang='grc'>15</span> <span class='ocrx_word' id='word_1_387' title='bbox 843 3497 898 3542; x_wconf 84' lang='lat' dir='ltr'>uec.</span> <span class='ocrx_word' id='word_1_388' title='bbox 909 3494 976 3542; x_wconf 88' lang='grc'><strong>1811.</strong></span> 
     </span>
    </p>

    <p class='ocr_par' dir='ltr' id='par_1_12' title="bbox 1005 3555 1073 3604">
     <span class='ocr_line' id='line_1_43' title="bbox 1005 3555 1073 3604; baseline 0.029 -2"><span class='ocrx_word' id='word_1_389' title='bbox 1005 3555 1073 3604; x_wconf 76' lang='lat' dir='ltr'>Edit.</span> 
     </span>
    </p>
   </div>
   <div class='ocr_carea' id='block_1_7' title="bbox 0 0 1233 3975">
    <p class='ocr_par' dir='ltr' id='par_1_13' title="bbox 0 0 1233 3975">
     <span class='ocr_line' id='line_1_44' title="bbox 0 0 1233 3975; baseline 0 0"><span class='ocrx_word' id='word_1_390' title='bbox 0 0 1233 3975; x_wconf 95' lang='lat' dir='ltr'> </span> 
     </span>
    </p>
   </div>
  </div>
 </body>
</html>
