2450 3975
199 193 272 275 t'ap.
286 195 314 255 5.
326 194 373 256 ue
384 192 518 257 Boebes.
531 203 569 258 ut
578 204 624 262 est
633 194 822 280 sacrificiunt.
833 199 913 265 nat.
929 204 958 267 t.
1018 206 1075 267 tus

76 304 281 443 111Ἓῖ
282 296 401 443 1ῗὲῗέ
412 295 789 460 tit-bituito
805 313 911 448 ΨΜ
932 305 1074 451 iiii-⁶⁰

166 422 177 439 .
269 422 278 441 .
486 403 495 442 a
654 404 673 444 aa
781 403 797 445 e
841 405 900 449 assa
929 406 982 451 ee.
1029 410 1072 454 sm

78 467 168 528 tideics
187 466 391 528 sacerdotibus
411 466 575 529 oiieaebant
586 403 694 550 parion
705 513 713 545 ,
726 430 757 534 eb
773 470 879 535 einum
895 434 949 552 pro
961 475 1072 537 sacrifi·

76 550 278 631 ciis‚bquibss
289 551 590 632 quodsupererat‚in
601 572 689 616 usum
701 552 824 617 cedebat
834 555 965 634 ipsorum
976 578 1071 621 sacer·

74 639 216 700 detumet
237 638 427 698 clericorum.
453 638 568 699 Deinde
587 640 766 719 permissum
786 640 845 701 init
862 640 963 703 offerri
982 644 1071 707 etiam

72 724 182 796 oleum,
202 724 320 804 spicas,
342 740 414 782 usas
432 730 464 783 et
483 723 604 785 similia.
629 722 756 787 Demsim
779 727 955 805 permissum
981 728 1069 790 etiam

70 810 157 871 odessi
176 811 335 891 pecunias,
347 828 413 887 quse
435 808 519 889 priris
540 829 600 873 non
619 812 842 892 applicabantur
852 810 1067 883 sacerdotibus,

70 897 113 957 sod
130 897 328 977 mittebantur
346 896 380 956 in
398 914 516 970 amam,
537 896 750 967 distribuendae
771 897 804 959 in
825 897 1069 959 sustentationem

69 983 265 1045 ministrorum
286 989 318 1044 et
340 1000 530 1060 pauperum3
551 983 604 1044 sed
628 1002 762 1049 successu
792 984 935 1062 temporis
953 982 1068 1047 sanitas

67 1078 126 1129 sunt
138 1070 209 1149 ipsis
220 1066 440 1141 sacerdotibus,
451 1077 485 1127 ut
497 1086 552 1147 pro
563 1068 754 1130 offerentibus
764 1066 1065 1146 missasappliearent.

67 1154 142 1225 Quod
157 1152 232 1215 aiibs
254 1152 361 1213 merito
384 1153 559 1231 approbavit
581 1154 726 1227 Ecclesia,
751 1160 854 1215 contra
880 1149 1065 1233 Wicteffistas,

66 1238 164 1314 quiid
188 1236 470 1315 improbant3na1n
493 1245 529 1297 nt
555 1236 644 1298 docet
670 1239 712 1297 D.
740 1236 795 1297 Tb.
818 1238 860 1315 (⁹2.
883 1238 914 1297 2.
938 1256 968 1317 q.
995 1240 1065 1298 110.

66 1330 117 1381 ort.
131 1325 161 1385 2.
178 1320 222 1384 acl
243 1320 287 1399 2.)
305 1319 445 1383 Sacerdos
463 1340 527 1386 oon
544 1320 818 1405 occipitpeouniam
834 1320 921 1399 quasi
939 1320 1068 1399 pretium

64 1408 279 1470 metionis
288 1406 505 1480 Eucharistiae,
521 1404 575 1474 boe
587 1409 667 1469 enim
686 1406 900 1476 sinuationem,
914 1403 964 1467 sed
979 1406 1068 1486 quast

64 1493 236 1573 stipendium
253 1510 317 1553 suae
328 1491 564 1557 sustentationis.
576 1494 614 1557 Bt
629 1492 686 1555 boe
703 1501 748 1553 est
757 1490 841 1569 iuxta
853 1488 928 1552 iliad
939 1492 1064 1569 apostoli

44 1652 48 1661 .
65 1579 89 1637 t.
106 1582 170 1640 Cor·
188 1598 217 1647 t·
234 1580 266 1650 9·
279 1576 384 1654 1315.
398 1576 525 1640 Nescitis
542 1576 702 1658 quoniam,
715 1577 771 1658 pai
788 1578 822 1638 in
845 1577 978 1638 samario
997 1595 1065 1657 ope·

64 1672 177 1742 rantur,
193 1680 263 1747 peto
275 1661 449 1730 marmorio
457 1671 543 1741 suast,
559 1661 668 1741 ednod,
680 1661 773 1741 etqui
783 1659 1062 1738 attarideseroiaut,

62 1765 119 1808 mm
129 1747 227 1811 citeri
232 1749 430 1832 participant.

92 1836 145 1895 Sed
156 1836 295 1916 quamvis
315 1851 364 1896 res
382 1836 424 1896 ita
439 1833 611 1911 schabest,
632 1830 703 1893 binc
718 1838 818 1894 tamen
829 1832 928 1910 erupit
942 1830 1062 1892 avaritia

61 1923 258 1996 sacerdotum,
274 1921 326 2001 qui
341 1928 464 2000 propter·
484 1919 542 1980 boe
563 1921 680 1980 tucrum
694 1918 805 1998 pluries
819 1919 852 1977 in
867 1918 916 1977 die
932 1917 1063 1992 ¹celebra·

62 2005 143 2068 bants
157 2017 317 2087 propterca
331 2007 363 2067 id
375 2004 531 2084 probibuit
543 2007 645 2066 leuno.
659 2006 723 2066 111.
735 2005 768 2064 in
779 2022 806 2064 e.
818 2000 1016 2078 consuluisti,
1026 2001 1063 2065 de

61 2090 134 2156 celeb.
157 2093 245 2154 etms.
258 2092 316 2157 Sed
332 2091 403 2152 buie
414 2089 609 2171 prohibitioni
624 2091 681 2155 alia
690 2091 827 2151 suecessit
839 2090 989 2169 nequitia;
1000 2099 1062 2150 ete·

61 2178 115 2238 nim
126 2177 291 2240 sacerdotes
306 2178 339 2236 in
357 2176 460 2243 mem
473 2175 560 2236 missa
572 2185 618 2238 tot
633 2175 743 2237 bostias
754 2174 962 2236 consecrabant
971 2217 980 2247 ,
988 2180 1061 2250 quot

61 2271 135 2324 erant
152 2265 371 2341 eleemosynam
382 2260 549 2322 offerentes.
562 2262 621 2321 Atii
633 2259 705 2322 verb
721 2261 839 2320 missam
853 2258 913 2318 diei
926 2258 1061 2336 legebant

61 2354 116 2419 tar,
130 2349 178 2409 vel
196 2355 323 2425 quater,
345 2362 439 2424 usquc
463 2345 500 2405 ad
518 2345 724 2418 offertorium,
747 2342 856 2404 deinde
874 2349 919 2402 tot
935 2352 1060 2402 secretas

61 2429 215 2506 iterabant,
229 2439 304 2508 quot
317 2431 463 2492 onuonss
473 2431 626 2508 legerant,
639 2437 670 2490 et
680 2425 799 2490 tandem
811 2427 867 2488 snb
877 2444 938 2487 uno
948 2445 1060 2488 mnono

60 2518 170 2578 nissam
183 2515 396 2603 perficiebant,
410 2524 456 2579 tot
469 2514 604 2593 repetitis
614 2509 742 2576 collectis
755 2514 787 2574 in
799 2513 860 2573 tine
871 2556 879 2579 ,
890 2521 964 2588 quot
976 2513 1059 2576 initio

53 2604 262 2678 recitaverant3
274 2610 305 2663 et
320 2602 364 2662 sie
378 2619 435 2680 pro
454 2617 579 2661 numero
591 2599 804 2678 repetitionum
820 2595 999 2673 accipiebant
1007 2598 1058 2657 sti·

59 2688 157 2762 pendia
166 2710 175 2766 3
184 2687 424 2764 vocabanturque
436 2684 483 2746 boe
495 2678 590 2744 missae
600 2683 751 2764 bifosietce
760 2727 768 2757 ,
778 2691 806 2744 et
821 2679 990 2764 trifaciatoe.
1001 2687 1057 2750 ssu

58 2769 120 2846 ipsse
136 2772 234 2834 adhue
252 2771 373 2832 inerunt
391 2770 561 2831 eliminatae.
581 2771 684 2830 Postea
705 2767 755 2830 atii
775 2768 874 2850 plnres
890 2787 1004 2834 errores
1025 2775 1056 2840 iu

58 2856 182 2919 medium
197 2857 401 2935 irrepserant,
415 2855 466 2934 qui
480 2856 518 2916 ab
527 2852 612 2918 ntes.
631 2856 701 2918 VII.
715 2855 837 2918 fuerunt
856 2859 1011 2942 proscripti
1024 2862 1056 2924 in

58 2955 168 3019 propos.
182 2943 213 3004 8.
225 2945 255 3002 0.
268 2951 299 3003 et
308 2944 357 3003 10.
367 2959 441 3019 quas
454 2943 616 3004 scieramus
626 2944 735 3008 nens.
748 2952 779 3005 et
793 2947 860 3008 511.

91 3028 158 3086 517.
170 3026 320 3100 -Quaer.
336 3028 361 3086 1.
375 3028 421 3088 bn
444 3028 608 3088 sacerdotes
630 3027 736 3092 divites
753 3033 865 3110 possint
885 3052 940 3113 pro
960 3036 1056 3097 missis

58 3108 194 3186 stipendia
209 3113 364 3189 accipere?
375 3113 490 3192 Negant
504 3113 570 3195 eaj.
582 3117 612 3176 2.
624 3117 656 3176 2.
671 3133 701 3195 q.
720 3119 789 3178 100.
801 3126 860 3178 art.
873 3123 911 3179 0.
932 3117 1013 3198 Syia.
1028 3130 1056 3182 et

59 3191 140 3274 Grai.
153 3193 235 3277 apud
251 3198 319 3256 Ese.
339 3192 361 3255 i.
375 3197 426 3257 21.
442 3215 475 3258 ss.
490 3199 558 3259 000.
588 3201 658 3278 quis
674 3202 854 3280 stipendium
874 3201 1003 3264 traditur
1021 3206 1053 3267 iu

57 3281 290 3348 sustentationem
304 3280 516 3342 celebrantium
528 3303 537 3359 ς
550 3243 657 3347 divites
669 3295 767 3346 autem
779 3284 841 3362 jam
855 3283 965 3347 habent
974 3290 1053 3352 unde
1081 3301 1085 3308 '

57 3360 176 3438 alantur.¹
189 3365 247 3424 Sed
268 3367 466 3428 communiter
481 3377 511 3428 et
522 3369 601 3430 reete
616 3371 764 3430 affirmant
778 3373 867 3431 star.
881 3370 913 3432 d.
927 3373 974 3436 80.
984 3387 1051 3440 sect.

57 3437 83 3500 5.
100 3442 176 3520 tayo
187 3438 218 3501 d.
229 3442 278 3504 et.
293 3461 326 3502 n.
338 3444 388 3503 18.
412 3444 499 3504 Cone.
521 3451 543 3506 t.
562 3448 593 3506 8.
603 3465 637 3527 p.
654 3449 723 3509 101.
737 3465 769 3507 n.
781 3448 811 3507 1.
831 3450 915 3510 Ceut.
939 3454 1049 3517 Teutas.

56 3540 116 3604 sap.
129 3526 158 3595 0.
172 3529 355 3593 aetnaeos..
366 3529 398 3588 1.
413 3545 443 3588 a.
461 3530 561 3604 Qeoer.
573 3533 604 3593 2.
625 3550 692 3593 coin
713 3530 797 3595 Gers.
819 3540 847 3593 et
865 3534 1050 3605 Thomassin.

56 3602 140 3671 sum.
155 3616 194 3670 tr.
206 3612 237 3670 s.
248 3629 274 3672 a.
289 3613 317 3674 5.
332 3629 366 3694 p.
378 3613 406 3674 1.
420 3631 453 3675 ss.
473 3616 503 3676 1.
517 3611 587 3678 rat.
600 3635 635 3698 p.
650 3617 700 3682 11.
713 3635 747 3681 a.
761 3619 791 3682 5.
808 3627 838 3684 et
855 3623 923 3684 Est.
941 3621 963 3687 1.
977 3643 1002 3690 a.
1017 3647 1050 3692 aa.

93 3694 170 3754 Touo.
188 3695 242 3756 VI.
309 3727 315 3736 ·
858 3710 895 3770 15
