2450 3975
296 307 306 316 ,
346 252 419 331 Cup.
435 251 464 309 f.
477 248 521 309 De
532 247 717 312 contritione.
735 247 816 310 Dub.
831 251 861 310 Ξ.
1049 249 1106 311 555

101 350 225 416 Nonum
248 345 377 411 maximb
398 366 484 409 usum
506 348 605 408 fuisse.
628 348 665 406 Et
685 343 757 405 huic
778 346 919 408 doetrinae
942 345 1048 407 alludit
1076 345 1106 405 id

70 482 71 487 η
100 435 179 517 quod
200 433 326 495 habetur
346 432 379 492 in
401 432 510 492 Rituali
531 435 664 493 Romano
684 427 718 490 de
739 447 818 491 socr.
837 432 940 509 punit.
962 430 1013 491 ubi
1035 450 1044 490 a
1067 432 1108 490 fn

96 526 213 603 peceato
231 515 320 598 sacili
340 512 532 577 recidentibus
550 511 743 576 utilissimum
764 513 858 594 suerat
879 514 1048 589 consulere,
1072 520 1109 574 ut

99 604 172 684 soepb
181 598 394 681 coarfiteuntur,
411 607 439 659 et
450 598 479 670 si
487 598 639 679 expediat,
651 598 873 659 communicent.
884 598 961 677 Ergb
974 598 1104 669 Rituale,

99 688 169 747 dum
183 687 256 746 dicit
273 684 438 745 remedium
457 684 619 762 frequentis
634 684 822 744 confessionis
840 684 1028 743 utilissimum
1044 701 1106 744 esse

98 771 180 833 facilc
200 769 398 831 recidentibus
415 771 447 827 in
467 776 597 846 peccata,
616 768 757 845 supponit
773 786 897 847 pravum
914 766 1048 827 habitum
1067 769 1107 828 ab

99 856 139 915 eis
158 874 218 915 non
234 853 330 914 adhuc
348 869 410 912 esse
428 853 583 928 avulsum3
600 851 672 925 sed,
694 850 750 911 boe
769 871 830 913 non
849 853 1000 925 obstante,
1020 852 1107 914 docet

97 940 220 1019 gratiam
238 936 410 997 sacramenti
428 937 557 995 multum
576 934 710 997 conferre
724 937 761 996 ad
777 938 1024 998 emendationem.

134 1023 261 1099 Quidam
276 1020 475 1099 rigiditatibus
489 1020 597 1081 addicti
611 1065 620 1091 ,
634 1022 686 1099 qui
710 1041 763 1102 per
777 1024 899 1084 unicum
920 1024 1026 1101 rigoris
1044 1033 1104 1084 tra·

97 1110 199 1171 mitem
210 1107 321 1188 animas
336 1106 526 1176 conducunt,
542 1106 631 1165 nimis
650 1109 826 1184 generaliter
840 1111 1007 1188 loquentes,
1029 1126 1105 1169 asse·

97 1200 168 1255 runt
193 1208 295 1253 omnes
316 1190 462 1250 recidivus
487 1190 686 1268 perversiores
708 1193 799 1266 fieri,
826 1192 894 1254 ciam
913 1194 1105 1255 absolvuntur

95 1288 252 1358 antequam
265 1274 471 1337 emendentur.
487 1276 546 1335 Sed
572 1274 627 1335 bos
658 1279 813 1357 magistros
839 1296 919 1339 meos
944 1297 1102 1355 rogarem,

96 1363 241 1441 numquid
254 1359 375 1421 recidivi
388 1404 396 1432 ,
411 1358 481 1421 ciam
505 1360 569 1423 sine
587 1360 774 1430 absolutione,
784 1364 994 1433 dimittuntur,
1011 1365 1103 1441 gratib

94 1448 265 1510 sacramenti
279 1451 429 1518 carentes,
448 1464 551 1508 omncs
565 1447 721 1509 validiores
735 1450 829 1521 fiunt,
846 1455 876 1509 et
890 1449 1104 1509 emendantur?

53 1606 57 1612 .
94 1535 304 1611 Quotmiseros
325 1532 387 1610 ipse
405 1532 550 1609 cognovi,
573 1536 625 1611 qui
638 1533 677 1595 ob
697 1535 868 1613 denegatam
889 1535 1102 1595 absolutionem

92 1640 125 1682 se
136 1617 305 1695 dejecerunt
323 1618 355 1676 in
369 1615 627 1695 desperationem,
651 1624 681 1679 et
700 1638 754 1698 per
772 1622 872 1699 piures
887 1612 1103 1680 anuosbsaera·

92 1703 201 1766 mentis
212 1701 305 1761 aversi
320 1701 517 1763 aberrarunt?
533 1702 678 1764 Caetcrrlm
694 1705 895 1782 unusquisque
912 1706 944 1762 in
961 1702 1103 1781 hoepun·

93 1798 141 1851 eto
156 1786 415 1865 impertiendaevel
435 1787 606 1849 differendae
626 1789 816 1850 absolutionis
834 1788 962 1867 dirigere
973 1805 1004 1849 se
1016 1788 1103 1850 debet

91 1874 175 1953 juxta
191 1870 321 1933 lumenta
339 1874 401 1934 Deo
420 1873 477 1934 sibi
494 1874 650 1936 donatum.
672 1875 735 1935 lloc
752 1882 865 1936 eertum
882 1881 946 1947 est,
964 1874 1043 1953 qubd
1069 1876 1102 1936 in

92 1958 147 2020 bac
159 1956 282 2018 matoria
295 1966 355 2018 tam
373 1962 494 2031 errent,
510 1959 562 2038 qui
573 1977 661 2037 aequo
680 1968 749 2020 sunt
764 1959 926 2034 faciliores,
944 1958 1033 2038 quam
1048 1962 1101 2040 qui

91 2062 178 2123 aequo
200 2041 355 2120 rigidiores
379 2051 449 2105 sunt
472 2044 504 2104 in
528 2042 726 2120 absolvendo;
756 2039 917 2123 utrumque
935 2055 1101 2107 extremum

90 2129 311 2214 perniciosum3
335 2131 421 2190 multi
441 2129 523 2191 enim
546 2129 712 2191 confessarii
732 2130 771 2190 ob
788 2130 911 2190 nimiam
931 2132 1100 2193 facilitatem

90 2212 261 2275 absolvendi
284 2213 316 2272 in
337 2233 421 2276 eausa
439 2223 527 2287 sun-t,
550 2221 588 2274 ut
601 2215 701 2292 plures
720 2215 826 2275 animae
849 2216 881 2273 in
903 2215 1100 2292 perditionem

89 2300 214 2376 abeant;
226 2297 278 2358 sed
290 2298 338 2359 alii
349 2299 387 2359 ob
400 2300 523 2362 nimiam
534 2299 713 2377 rigiditatem
723 2318 782 2359 non
794 2299 918 2373 minoris
929 2309 999 2360 sunt
1008 2300 1101 2360 detri-

87 2384 195 2447 menti.
210 2382 293 2443 Unde
316 2381 395 2442 baud
408 2385 485 2457 seio,
507 2382 610 2444 utrium
634 2383 807 2444 confessario
830 2383 940 2445 minori
961 2386 1099 2463 scrupulo

87 2469 195 2531 debeat
205 2485 266 2528 esse
279 2466 468 2546 indispositos
480 2468 652 2538 absoluere,
668 2467 757 2545 qubm
769 2468 923 2546 dispositos
937 2468 1009 2529 dimi
1014 2479 1098 2529 tterc.

87 2553 241 2624 Tandem,
259 2559 293 2612 ut
318 2570 391 2613 meae
413 2553 598 2615 eonscientiae
617 2551 771 2614 dictamen
783 2569 951 2630 exponam,
972 2555 1013 2613 sie
1028 2572 1099 2615 eon-

86 2637 195 2700 eludo:
211 2636 376 2716 Aliquando
391 2639 501 2716 poterit
516 2638 605 2698 alicui
622 2638 752 2699 recidivo
770 2637 909 2716 prodesse
927 2637 1030 2699 dilatio
1045 2640 1098 2700 ab·

71 2721 257 2784 solutionis,
283 2721 405 2798 Semper
439 2722 560 2800 quidem
589 2722 724 2800 proderit
746 2721 897 2783 deterrere
927 2720 1097 2801 hujusmodi

83 2809 217 2885 relapsos
231 2824 267 2866 ex
280 2807 436 2869 intrinseca
449 2807 627 2886 fragilitate,
648 2807 833 2886 negationem
843 2809 1034 2870 absolutionis
1045 2813 1097 2872 mi·

82 2890 198 2954 nando.
210 2888 366 2964 Ordinarie
390 2889 462 2956 verb
487 2890 639 2970 loquendo
663 2892 755 2970 magis
773 2893 906 2972 proderit
919 2897 961 2955 eis
978 2897 1096 2956 absolu-

80 2978 197 3040 tionem
210 2975 356 3054 impertiri
370 3020 379 3049 ,
394 2975 464 3038 eiam
484 2976 616 3055 dispositi
632 2977 773 3038 accedunt
791 2997 845 3058 per
864 2981 981 3059 signum
999 2987 1096 3041 extra-

80 3061 271 3124 ordinarium
292 3059 413 3121 doloris.
429 3061 549 3122 Utinam
567 3063 632 3123 dieo
650 3071 680 3122 et
696 3081 799 3124 omnes
817 3065 983 3126 confessarii
1000 3065 1096 3125 absol-

77 3154 188 3207 verent
202 3143 347 3205 recidivos
358 3142 426 3205 calm
436 3143 533 3207 solium
546 3147 629 3224 signa
644 3148 875 3210 extraordinaria
888 3150 931 3208 illi
944 3148 1091 3209 afferunt!
1189 3154 1193 3163 '

77 3229 141 3291 Sed
155 3227 237 3308 quod
253 3228 415 3290 dolendum
428 3235 492 3304 est,
507 3232 635 3292 maxima
659 3251 726 3311 pars
749 3235 993 3293 confessariorum
1006 3233 1094 3292 undi-

75 3332 153 3393 que,
164 3312 248 3375 nullo
257 3332 341 3391 paors
346 3312 378 3373 bs
385 3315 472 3396 signo
482 3317 715 3377 extraordinario
724 3317 867 3388 exhibito,
878 3314 1094 3376 indiscrimina-

74 3401 138 3462 tim
154 3399 217 3458 sine
229 3397 287 3456 ulla
298 3397 516 3471 admonitione,
527 3399 668 3477 nulloque
681 3399 811 3478 praestito
822 3399 975 3469 isinodio,
994 3397 1093 3476 hujus·

72 3481 162 3544 nandi
180 3481 300 3559 relapsis
321 3500 438 3562 semper
461 3483 675 3544 absolutionem
690 3484 904 3563 impertiuntur
916 3526 924 3557 ,
936 3480 1031 3545 etboc
1049 3496 1099 3549 est·

71 3565 160 3627 unde
170 3563 256 3634 ruina
267 3569 482 3639 totanimarum
490 3573 617 3628 emanat.

873 3736 937 3801 50..
