2450 3975
365 176 437 255 cap.
452 175 481 235 r.
496 172 540 235 oe
549 172 733 236 6616666.
746 172 823 238 nco.
835 178 865 237 a.
1060 137 1118 241 ars

114 280 163 339 16
176 294 242 354 qne
261 274 375 336 dicebat
389 294 398 332 ε
414 273 555 345 Attritis,
575 288 643 354 quae
659 272 799 355 qcluooae
816 283 845 335 et
860 292 1017 356 ponerem
1037 285 1118 339 metu

112 359 275 441 concipitur
284 360 347 420 sine
360 356 511 419 dilectione
521 353 722 418 benevolentiae
737 356 796 418 oct
810 368 985 439 propterte,
1003 380 1064 422 non
1076 369 1121 422 661

113 442 205 506 boreus
215 450 345 525 motocet
356 438 604 523 supernaturalis)
612 465 624 517 ,·
633 448 663 502 ct
674 441 740 503 ideo
747 441 809 519 jam
825 461 856 503 se
868 442 1041 523 dispositum
1050 446 1117 505 red-

113 528 158 588 dit
169 528 204 587 ad
220 528 345 605 gratiam
356 527 388 585 16
400 534 582 586 sacramento
592 526 839 604 consequendam.

154 612 302 689 Objiciunt
315 613 368 671 lll.
380 610 425 670 Ad
440 610 657 688 quamcumque
672 610 911 687 justificationem
928 614 1050 677 omniuo
1069 632 1118 675 re·

113 698 241 775 quiritur
256 696 358 756 saltem
380 694 560 773 principium
580 694 767 771 dilectionis3
783 707 873 774 prout
884 697 1042 759 declaravit
1052 698 1119 758 Tri-

112 782 268 843 dentinum
282 796 351 842 sess.
367 780 396 838 6.
408 797 474 860 cup.
490 780 520 839 6.
537 778 590 839 661
609 779 684 840 dixit
698 780 779 858 quod
798 793 980 859 peccatores,
995 784 1067 843 dum
1081 780 1119 842 ad

109 864 350 943 justificationem
364 864 579 942 disponuntur,
598 865 696 924 ocem
718 872 863 946 tunquam
883 864 979 929 mones
991 865 1120 949 justitie

111 947 221 1029 fontem
240 946 360 1029 diliqere
380 945 545 1027 incipiunt,
569 966 604 1008 66
620 955 775 1027 propterea
797 958 953 1011 moventur
978 948 1119 1013 advorte

109 1039 229 1114 peccato
245 1050 300 1114 per
313 1030 414 1093 odium
433 1028 574 1111 aliquod,
593 1039 622 1091 et
640 1031 865 1095 detestationem.
890 1035 1116 1113 Respondetur:

111 1120 138 1179 N
140 1136 178 1177 on
192 1134 332 1197 negamus
347 1117 383 1177 ad
398 1115 638 1192 justificationem
659 1118 771 1195 requiri
788 1119 909 1182 initium
921 1120 1030 1181 amoris
1042 1141 1052 1197 3
1064 1137 1119 1181 nec

112 1219 254 1280 negamus
279 1200 360 1262 illud*
380 1201 490 1278 requiri
516 1202 605 1261 etiam
620 1202 661 1261 'in
689 1206 876 1264 sacramentis
902 1214 1113 1277 mortuorum,

111 1286 184 1347 dum
207 1287 365 1348 concilium
384 1284 425 1346 ibi
446 1286 506 1365 agit
521 1286 684 1363 presertim
703 1284 740 1345 de
752 1285 963 1363 justificatione
981 1306 1035 1367 per
1047 1288 1119 1366 bap·

111 1371 245 1431 tismum.
268 1370 325 1431 Sed
349 1369 462 1448 qualis,
482 1388 601 1447 quaeso,
628 1387 712 1430 amor
735 1368 753 1429 t
774 1372 897 1431 concilio
926 1372 1119 1449 requiritur?

109 1454 264 1531 Numquid
276 1454 401 1533 perlecta
419 1449 565 1513 charites?
576 1454 622 1513 vel
640 1472 678 1514 an
694 1451 810 1513 tentirm
822 1456 942 1516 Initium
955 1455 1125 1517 chariratiso

111 1535 166 1598 llic
181 1539 270 1599 refert
291 1538 442 1599 advertere
458 1537 488 1597 id
506 1538 585 1615 quod
604 1545 727 1598 testatur
751 1537 839 1600 Cord.
864 1537 1010 1623 Pollooic.
1036 1540 1116 1601 Hict.

116 1620 248 1682 ’111ιί661.
263 1618 285 1681 1.
300 1623 329 1681 8.
346 1641 370 1681 c.
385 1623 434 1681 15.
448 1638 555 1699 nempe
573 1620 652 1700 quot
676 1622 767 1699 aliqui
781 1623 881 1683 Patres
900 1624 1038 1694 concilii,
1054 1624 1118 1685 vice

112 1704 144 1768 tt
160 1702 278 1787 diliqere
290 1704 448 1787 incipiunt,
460 1707 676 1766 contendebant
685 1705 764 1783 quod
774 1708 946 1783 adderetur,
955 1725 1008 1787 per
1021 1712 1119 1769 actum

110 1788 268 1851 (1166116111
277 1814 288 1850 .·
298 1790 350 1851 scd
366 1789 434 1850 huic
445 1790 602 1850 concilium
614 1790 739 1862 restitit,
755 1799 785 1850 et
798 1791 1004 1862 confirmavit,
1020 1799 1054 1850 ut
1066 1808 1120 1869 po-

113 1886 235 1939 neretur
246 1876 362 1938 tantirm
374 1873 494 1957 dilcqere
505 1875 664 1955 incipiunt.
681 1876 740 1937 Cur
750 1877 879 1937 restitit?
892 1877 948 1937 nisi
960 1877 1028 1955 quie
1037 1876 1119 1955 judi-

112 1962 190 2025 cavit
214 1981 274 2023 non
299 1962 411 2041 requiri
441 1960 478 2022 od
507 1959 746 2038 justificationem
770 1962 801 2023 iu
823 1962 968 2042 baptismo
990 1962 1063 2042 (sive
1087 1964 1119 2026 iu

113 2057 293 2110 sacramento
306 2048 503 2126 poenitentiae,
516 2045 578 2106 haec
594 2047 677 2107 enim
686 2057 864 2107 sacramenta
876 2048 941 2126 peri
955 2065 1039 2126 passu
1050 2067 1120 2128 pro-
1193 2112 1197 2123 ,

111 2131 232 2209 cedunt)
248 2142 345 2192 actum
360 2129 661 2212 persectaecharitatis.
677 2133 739 2192 Hoc
749 2141 847 2192 eutem
865 2133 985 2193 initium
997 2134 1118 2204 amoris,

113 2227 147 2278 ut
169 2215 244 2278 bene
262 2217 368 2276 docent
382 2213 552 2277 Gooteoaelt.
570 2214 604 2274 ire
621 2217 651 2274 5.
665 2234 695 2296 p.
711 2214 747 2277 de
767 2213 872 2296 poenit.
892 2233 917 2275 e.
940 2216 969 2274 9.
991 2217 1119 2276 Frooseo

106 2311 136 2362 t.
160 2302 209 2362 16.
235 2319 269 2382 p.
295 2301 363 2361 665.
387 2307 492 2379 quest.
515 2301 546 2360 2.
576 2300 691 2359 Petroc.
720 2305 743 2359 t.
759 2303 790 2359 l.
810 2318 843 2378 p.
869 2300 937 2358 rte.
963 2315 1016 2380 qu.
1041 2300 1071 2359 5.
1091 2306 1118 2359 61

118 2389 230 2448 Tourn.
251 2381 343 2445 Prot.
365 2381 497 2445 liutoldo
509 2383 614 2463 poenit.
628 2399 680 2460 qu.
696 2384 725 2443 6.
738 2390 798 2442 ort.
811 2383 842 2442 5.
855 2377 945 2443 conci.
963 2384 994 2443 1.
1012 2382 1047 2443 io
1059 2380 1121 2461 fio.
1156 2438 1161 2446 .

109 2471 174 2550 jam
193 2468 318 2532 hahetur
338 2471 370 2530 in
386 2470 555 2537 attritione,
568 2486 658 2547 quarn
674 2467 762 2546 suprl
776 2467 1001 2547 descripsimus:
1019 2468 1119 2530 Primi>

112 2573 168 2634 por
183 2556 319 2615 timorem
337 2553 444 2614 divinae
463 2553 619 2624 vindictae,
632 2551 716 2628 juxta
730 2551 804 2612 illud
820 2549 995 2612 16661616.
1012 2549 1057 2622 γ’.
1070 2554 1117 2612 16.

116 2637 220 2701 Timor
233 2638 292 2699 Dei
309 2635 430 2698 initium
447 2633 609 2698 dilectionis
620 2635 694 2716 ejus.
706 2633 841 2696 Secundo
853 2652 906 2713 per
919 2652 1002 2711 spem
1013 2636 1118 2709 veniae,

113 2721 183 2784 cino
196 2723 226 2782 in
242 2723 304 2800 ipso
317 2721 492 2782 Tridentino
505 2720 619 2781 dicatur
630 2717 742 2781 166611.
753 2716 1120 2798 qutdbentsedisponmt

113 2805 151 2866 ad
167 2807 309 2884 gratiam,
323 2806 374 2884 qui
386 2806 480 2866 Deum
500 2804 648 2883 incipiunt
667 2803 790 2882 diligere
803 2811 947 2885 tuaquom
968 2803 1063 2866 omnic
1069 2804 1121 2887 ju

111 2889 343 2971 uitiosorum,
357 2889 388 2950 id
403 2897 464 2962 est,
482 2897 623 2966 tanquam
639 2886 856 2964 justificationis
868 2888 1003 2949 omnium
1020 2899 1121 2949 aucto-

110 2993 189 3038 rem.
218 2973 318 3035 Tertio
344 2992 398 3052 per
424 2991 507 3052 spem
533 2971 725 3034 beatitudinis
753 2981 892 3043 aeterum,
920 2970 989 3033 cium
1019 2973 1120 3033 doceat

110 3061 155 3122 Ι).
174 3058 339 3120 11666661.
355 3060 385 3119 1.
396 3077 427 3139 q.
438 3059 487 3120 10.
506 3076 536 3117 6.
554 3057 584 3118 7.
602 3057 726 3136 loquens
739 3057 777 3118 de
794 3075 845 3136 spe
858 3055 1042 3134 theologica,
1054 3073 1120 3115 cam

111 3162 176 3206 csse
192 3143 312 3222 quidem
324 3142 442 3205 initium
453 3143 561 3204 amoris
573 3159 642 3220 erga
658 3144 771 3217 Deum,
784 3139 1118 3202 hisverhistdxltoc...

111 3227 193 3312 quod
203 3226 392 3310 paratiqucm
402 3246 556 3308 speramus
572 3225 657 3288 66616
676 3246 759 3309 posce
774 3225 930 3308 provenire
948 3221 1025 3284 bona
1036 3268 1044 3295 ‚
1057 3243 1120 3285 mo·

111 3332 217 3376 ocmur
225 3313 258 3375 in
267 3311 459 3394 ipsorummet
469 3312 614 3374 16666661
624 3319 769 3388 nostrum,
776 3310 850 3372 etsie
857 3305 1016 3388 incipimus
1023 3305 1121 3389 ipsum

113 3415 228 3464 errrore.
242 3397 325 3458 Unde
341 3397 420 3458 idem
435 3398 465 3457 S.
476 3399 585 3458 Doctor
596 3397 628 3456 2.
639 3397 670 3456 2.
680 3413 731 3476 qu.
744 3394 792 3455 17.
804 3412 835 3454 o.
849 3394 879 3454 8.
889 3391 1002 3469 inquit:
1018 3390 1120 3473 Perfe-

113 3475 1120 3562 ctuequideotomorest,qoootiquisseeunditmceamatur...,·imper·

113 3557 1121 3702 [6616166666666666161166161...,κάαείἰίαάὁονέιὲηιείὑίἑροί
