2450 3975
307 196 379 274 Cap.
398 192 427 252 1.
445 190 780 256 recurrerentur.
797 198 827 256 2.
1019 198 1075 259 att

70 316 211 378 magnum
231 296 402 359 conflictum
421 296 590 368 internum,
610 295 672 355 eive
689 301 845 357 externum
864 296 1030 375 superauit,
1046 302 1081 358 et,

70 384 188 445 similia.
209 382 260 442 Vl.
286 381 320 441 si·
335 379 448 439 acceclit·
463 378 568 439 ductus
585 378 624 438 ub
642 380 742 457 aliquo
760 381 993 441 extraordinario
1011 398 1075 441 mm

68 458 150 538 tivo,
164 476 271 545 nempe
288 465 436 525 concionis
452 464 577 534 auditae,
591 464 697 523 mortis
716 462 840 540 alicujus
860 464 945 523 amici
958 507 967 534 ‚
980 465 1027 525 tel
1039 474 1075 526 cx'

68 554 177 611 timore
199 548 405 620 terremotus,
429 546 606 618 allucionis,
629 548 742 624 pestis,
762 557 818 608 etc.
842 548 879 607 P.
900 546 1029 608 Miiucio
1047 559 1076 611 et

70 636 170 698 Croicc.
183 626 249 695 Vll.
266 630 296 695 Si
311 632 457 715 poenitens
476 630 651 691 confiteatur
669 639 783 709 peccata
796 630 878 711 prids
891 634 1074 711 culpabiliter

68 722 195 795 omissa3
211 716 310 779 trote.
333 716 414 777 Vlll.
432 714 462 775 Si
480 716 627 793 poeuitens
650 717 823 795 priusquam
848 716 976 788 accedit,
990 722 1075 779 resti·

66 806 162 866 tuerit
181 804 333 875 ablutum,
351 798 399 860 vel
416 798 597 876 reparaverit
613 798 722 859 lamam
740 801 867 879 proximi
890 802 1000 862 laesam.
1013 802 1075 862 Mi·

68 888 158 949 tante.
173 889 226 947 IX.
242 886 325 946 Addo
350 901 419 944 cum
440 879 567 943 Milante
582 926 590 955 ,
604 884 629 942 si
648 891 714 961 post
734 894 850 962 peccatu
869 886 1020 964 poenitcns·
1037 888 1073 948 ad

67 974 262 1033 monitionem
285 968 449 1027 confessarii
475 966 624 1047 significet
645 986 678 1026 sc
698 968 838 1047 adeptum
857 969 948 1028 icisse
966 976 1073 1031 novam

66 1057 266 1135 cognitionem
281 1064 342 1111 suec
363 1050 544 1129 iniquitatis,
570 1051 623 1110 vel
640 1052 763 1129 periculi
787 1072 846 1112 suae
863 1052 1070 1115 damnationis.

66 1140 158 1201 Addit
186 1138 276 1198 Croie
300 1154 332 1195 rt.
357 1138 446 1195 tant.
470 1152 531 1195 esse
555 1136 645 1195 etiam
670 1136 753 1213 signa
774 1136 1027 1210 extraordinaria,
1048 1138 1072 1197 si

65 1225 213 1304 poenitens
234 1220 311 1281 dicat
334 1236 365 1279 se
378 1218 547 1298 poenituisse
563 1219 662 1278 statim
679 1222 926 1296 postmortem,
940 1221 1075 1297 sicupiat

65 1310 251 1377 satisfacere,
272 1304 304 1365 si*
317 1320 454 1381 magnam
475 1302 679 1381 peonitentiam
706 1304 785 1364 hono
808 1304 907 1363 enimc
925 1314 1071 1383 acceptet,
1149 1356 1153 1360 ,

65 1394 89 1453 si
109 1398 341 1472 protestetur'cx‘
356 1390 451 1467 scipso
471 1388 559 1447 mallo
577 1389 674 1459 mori,
689 1387 782 1465 quiam
798 1388 899 1448 relabi.
912 1390 979 1449 llaec
991 1390 1072 1467 sigan

64 1476 132 1538 dicu
156 1476 267 1536 sellem
282 1474 440 1534 deservire
459 1489 543 1551 pesse
567 1473 604 1531 ad
626 1472 685 1531 alia
703 1474 785 1551 signa
803 1474 1001 1551 dispositionis
1020 1474 1072 1533 ad-

65 1560 204 1620 ‘uvandm

62 1580 74 1639 l
104 1636 172 1703 llaec
190 1644 288 1702 aut'em
303 1643 383 1719 signa
395 1640 595 1719 dispositionis
607 1640 805 1702 recidivatum
818 1643 1071 1722 auctoresproeiati

65 1748 125 1792 non
138 1744 203 1791 casu
221 1727 430 1798 tradiderunt,
446 1726 691 1805 sed'expcrientid
713 1727 803 1787 docti.
823 1726 907 1787 Unde
930 1735 1004 1805 puto
1025 1743 1073 1789 ne·

65 1826 330 1894 quaquamccrrare
349 1828 419 1871 eum
442 1812 494 1889 qui
514 1828 546 1871 se
565 1810 669 1890 dirigit
686 1830 754 1871 cum
775 1811 928 1871 sententiis
945 1828 1072 1871 commu·

64 1902 142 1960 niter
160 1897 285 1973 receptis
303 1897 341 1955 ab
359 1893 530 1971 hujusmodi
556 1896 621 1953 DD.
638 1913 699 1955 non
717 1894 839 1954 humilis
857 1905 948 1956 uetoe.
969 1898 1077 1957 Dicere¹

63 1993 181 2058 autem,
195 1980 275 2061 qudd
288 1980 345 2060 ipsi
362 1980 535 2058 scripserint
547 1996 582 2039 ex
594 1980 728 2057 passione
737 1975 851 2051 affecti,
864 1991 903 2040 ut·
915 1999 976 2042 succ
993 1984 1071 2056 ipsu·

63 2087 132 2130 rum
150 2067 292 2128 doctrines
306 2081 374 2126 cum
395 2066 506 2144 plausu
520 2067 747 2144 exciperentur,
763 2067 816 2127 rel
827 2071 951 2143 propter
959 2069 1070 2146 aliquid

62 2149 234 2229 hujusmodi
248 2193 256 2222 ,
275 2165 336 2210 non
346 2147 464 2209 uidetur
477 2150 576 2210 carere
594 2151 692 2228 aliqui
706 2151 770 2210 labe
786 2153 970 2210 temeritatis.
984 2151 1071 2224 Quod

62 2239 87 2297 si
107 2240 165 2295 hoc
183 2251 243 2294 non
263 2242 307 2294 cst
320 2233 517 2308 censendum,
532 2251 592 2296 non
611 2234 701 2295 debet
716 2235 798 2296 credi
817 2233 873 2295 hus
885 2241 954 2293 term
968 2242 1078 2313 graves·

62 2320 159 2384 listi
178 2321 240 2380 Deo
259 2321 439 2380 luminesuo
459 2321 547 2380 luisse
565 2321 722 2382 destitutos
736 2323 769 2380 in
791 2337 827 2382 re
844 2339 911 2397 quae
932 2320 1071 2381 directio·

61 2423 133 2468 nem
154 2403 274 2483 respicit
289 2405 532 2464 conscientiarum
553 2405 644 2465 totius
671 2406 773 2484 populi
797 2403 970 2481 christiani3
986 2404 1076 2466 tautd·

61 2490 156 2570 magis
181 2487 261 2566 quod
285 2489 361 2548 circa
378 2490 456 2548 tales·
474 2491 633 2549 sententies
649 2489 875 2550 nultauccl‘esioe
894 2488 1069 2568 proscriptio

61 2574 238 2635 intercessit.
252 2573 314 2634 Nec
336 2571 427 2634 officit
440 2573 520 2656 quod
544 2576 644 2653 plures
664 2575 817 2652 opiniones
834 2590 901 2650 qum
922 2573 1070 2634 circumie-

60 2665 190 2731 mntur‚
214 2673 274 2718 nea
292 2658 416 2718 suntab
440 2659 572 2719 Ecclesia
589 2659 752 2731 damnato,
775 2668 806 2718 ct
827 2659 984 2717 tamenab
1005 2659 1070 2718 aliis

60 2741 249 2805 communiis
275 2749 309 2802 ut
325 2744 397 2804 lane
427 2751 627 2823 repetentum
649 2761 718 2803 uem
734 2743 866 2804 Ecclesia·
883 2754 948 2804 non
967 2753 1076 2805 omncs

60 2828 237 2906 opiniones,
252 2846 318 2907 quae
333 2845 414 2888 casus
426 2831 616 2908 particulares
624 2829 804 2907 respiciunt,
821 2827 958 2902 damnat,
970 2842 1069 2907 quemi

59 2913 105 2971 vis
124 2919 192 2970 nun*
203 2912 345 2990 approbet
356 2933 367 2987 ¹,
380 2914 432 2973 sed
452 2913 633 2985 sententias,
649 2928 718 2992 quse
730 2913 979 2974 universalitatem
998 2927 1068 2974 con·

59 2996 250 3056 scientiarum
268 3005 419 3074 spectant,
445 2991 579 3058 Ecclesie‘
595 3016 652 3058 nec
669 2997 831 3075 approbat,
853 3015 908 3059 nee
923 3004 1017 3069 tacet,
1034 3005 1073 3057 ut

59 3073 180 3141 ciuica.
190 3081 267 3161 Aup.
279 3079 420 3162 uncte.
434 3079 565 3142 Ecclesia
586 3083 650 3142 Dei
664 3081 761 3141 multe
786 3079 906 3154 tolerat,
925 3089 955 3140 et
969 3089 1065 3140 tomen

59 3181 126 3245 que
150 3161 229 3224 circa
253 3161 346 3246 fldem
372 3167 465 3240 eunt,
485 3159 541 3227 eci'
559 3165 667 3229 dunum
690 3167 804 3239 vitum,
825 3178 878 3225 nee
902 3163 1065 3244 approbet-3

58 3255 208 3308 nee‘l'tt'ctl.
617 3281 621 3289 ⁴

97 3333 168 3392 tet.
180 3331 389 3407 -C'aeterirm‚
402 3341 437 3395 ut
456 3333 491 3394 ad
503 3335 692 3413 'propositam
714 3333 869 3393 matonam
891 3330 1065 3407 rectamne,

58 3425 180 3477 cotum«
193 3422 238 3475 est
259 3418 289 3477 1.
309 3417 395 3491 Quod
417 3419 610 3479 mniessarius
629 3428 752 3479 tenetur
767 3415 889 3476 differre
908 3415 1066 3478 absolutio·

57 3517 150 3570 nem,
172 3517 266 3578 usque
295 3502 368 3562 dum
390 3503 441 3564 liat
462 3503 616 3563 moraliter
633 3511 730 3561 certus
756 3501 795 3561 de
810 3500 1001 3580 dispositione
1018 3505 1063 3564 sui

57 3585 249 3664 poenitcntis,
267 3587 370 3648 saltem
389 3603 443 3665 per
457 3586 692 3666 experimentum
714 3584 871 3664 temporis,
885 3585 1064 3650 uet'mcdic-
