2450 3975
218 223 291 304 Cup.
304 221 335 283 5.
349 222 396 283 De
408 218 543 283 Reicitur.
561 227 648 283 uitet
661 219 850 302 sucrificium.
862 223 943 287 not.
957 226 987 287 4.
1046 226 1100 288 tut

78 352 96 381 o
124 323 379 388 consecrationem
387 325 624 404 etsumptioncm
634 323 863 405 interrumpere,
873 328 929 388 nisi
939 328 1103 390 moriturus

78 437 95 466 o
124 411 239 472 oesetin
248 410 495 492 propinquo,uec
505 427 580 489 ppus
590 417 766 472 essetvestcs
777 428 903 487 exuerc3
916 414 963 473 vel
976 414 1032 474 nisi
1043 432 1103 493 pte·

79 520 97 549 u
125 495 486 557 nitentiaesucrnmcutum
503 493 542 555 ob
555 493 725 573 phrenesim
749 495 896 574 suscipere
912 514 973 558 uon
993 507 1102 577 posset.

80 606 97 634 o
123 580 232 661 leym.
261 576 366 639 Turni.
383 572 407 637 l.
432 578 462 639 2.
485 577 588 658 cxpcd.
606 576 716 659 Sacrif.
740 596 766 640 c.
780 581 811 640 7.
830 582 989 641 Revertens
1003 592 1104 645 eutem

81 690 96 719 o
124 665 163 725 ed
176 662 353 723 sucrificium
362 661 508 735 sacerdos,
520 663 544 721 si
557 663 647 723 fucrit
658 662 727 725 ante
737 664 810 725 secte
823 666 1022 739 consecratio,
1035 668 1104 729 inci·

81 774 97 803 o
124 749 190 829 piet
205 748 258 809 ubi
272 747 415 824 desierit;
430 743 476 808 uti
486 792 495 820 ,
507 749 561 808 etsi
577 748 652 808 fectu
671 766 733 810 non
750 750 864 821 inerit,
879 760 908 811 ct
918 768 1009 830 percu
1020 770 1102 813 moro

78 859 95 889 o
123 831 352 903 intercesserit,
375 850 406 893 v.
425 850 456 910 g.
479 834 580 892 minor
601 831 692 910 quim
721 834 810 895 unius
833 832 940 910 horae3
964 836 988 897 si
1003 844 1104 899 eutem

79 945 96 974 o
123 918 254 997 longior,
266 917 657 980 ordieturnbinitioffiomt.
670 915 692 979 l.
706 936 732 980 c.
743 918 844 1001 cepto.
857 920 961 1002 seems.
970 920 1101 1002 c.8.§.7.

123 1005 248 1064 5511.-
271 1004 427 1077 Quomodo
445 1003 533 1063 missu
553 1003 591 1064 nb
610 1021 671 1064 uuo
703 1006 853 1067 secerdote
875 1007 1042 1087 interrupte
1064 1006 1105 1069 ub

77 1090 144 1151 ulio
160 1088 200 1148 sit
218 1087 406 1168 supplendo?
422 1088 452 1147 Si
469 1087 584 1149 deficiat
597 1088 732 1150 sacerdos
750 1098 819 1150 unte
834 1092 1100 1164 consecrationem,

78 1171 163 1238 nihil
181 1190 235 1251 per
252 1174 344 1233 elium
357 1172 489 1252 suppleri
508 1172 618 1243 debet,
634 1182 668 1234 ut
683 1173 771 1235 Groc'c
784 1194 817 1235 u.
834 1176 902 1239 547.
917 1195 984 1237 cum
999 1178 1031 1239 S.
1045 1175 1099 1238 Tu.

77 1263 188 1323 Auers.
202 1259 295 1339 Pacq.
310 1264 414 1317 contre
435 1255 521 1318 ulios.
538 1259 568 1318 si
587 1257 660 1337 vcro
683 1256 799 1318 deficiet
819 1269 886 1337 post
908 1262 1103 1321 consecratio-

78 1363 175 1415 nem,
191 1342 281 1402 ctium
295 1343 384 1401 unius
399 1340 517 1402 tentum
544 1343 673 1420 speciei,
693 1351 764 1403 tunc
784 1344 924 1421 supplere
950 1343 1038 1405 dubet
1056 1363 1102 1404 su·

78 1428 189 1490 cordos
206 1424 347 1503 jejunus,
366 1427 390 1485 si
413 1426 507 1497 adsit,
523 1427 594 1486 eliis
609 1428 700 1487 etiem
719 1444 779 1487 nun
800 1426 940 1504 jejunus,
961 1426 1028 1488 urim
1051 1424 1103 1489 url

78 1521 152 1593 gent
173 1510 269 1589 majus
285 1520 467 1589 preceptum
486 1510 524 1572 de
536 1513 708 1591 integritate
728 1512 874 1573 sacrificii.
894 1515 935 1572 lte
953 1511 1047 1574 Sutm.
1061 1520 1100 1575 tr.

81 1602 115 1659 5.
133 1616 159 1658 e.
172 1599 202 1657 4.
223 1614 254 1677 p.
269 1597 300 1656 4.
315 1614 347 1655 n.
371 1596 441 1655 107.
463 1614 531 1656 cum
546 1595 635 1668 aliis,
652 1605 681 1658 et
705 1596 795 1658 Gruiu
815 1592 837 1657 l.
862 1616 887 1658 c.
909 1598 1014 1657 Omnia
1040 1596 1102 1657 haec

78 1681 235 1743 habentur
246 1680 279 1740 iu
296 1680 392 1740 Rubm
409 1681 489 1740 iiiss.
513 1686 560 1742 tit.
578 1683 626 1741 tu.
642 1701 675 1742 n.
689 1684 718 1743 5.
736 1698 772 1741 eu
785 1700 810 1741 c.
826 1678 913 1741 Ntttt
924 1683 953 1741 7.
971 1698 1001 1760 q.
1017 1684 1047 1740 1.
1065 1684 1102 1741 Et

2 1777 4 1802 ⁸
80 1768 178 1829 etium
202 1765 341 1826 sacerdos·
359 1766 649 1843 ommunicatus,
665 1774 754 1845 utque
771 1766 941 1842 irregularis
966 1765 1102 1843 supplere

80 1851 198 1924 debet,
220 1851 245 1909 si
266 1850 315 1909 elii
334 1848 448 1921 desint,
469 1856 499 1909 ct
525 1850 694 1929 ipsepossit
715 1850 779 1909 sine
796 1849 967 1927 gravissimo
988 1850 1105 1911 incom·'

81 1936 178 1998 modu
192 1978 201 2007 ,
214 1942 249 1996 ut
262 1927 405 1996 oic'croto
414 1952 498 1995 num.
511 1935 580 1996 550.
600 1953 667 1996 cum
680 1936 773 2014 Pauq.
791 1940 893 1995 contra
907 1935 968 1997 Set.
982 1936 1036 2010 Su,
1048 1942 1099 1998 etc.

83 2022 117 2080 Si
139 2029 239 2082 nutem
258 2019 374 2079 deficiet
393 2028 461 2098 post
484 2021 685 2098 sumptionem
705 2020 797 2080 solius
815 2020 948 2098 corporis
968 2019 1099 2095 Christi,

83 2108 166 2166 Bon.
177 2113 263 2184 putet
274 2104 393 2165 culicem
407 2120 492 2182 posse
505 2107 583 2166 sumi
609 2107 642 2167 in
656 2105 711 2166 ulio
725 2105 830 2182 missu3
848 2104 899 2166 sed
914 2102 1100 2166 communitis

84 2190 293 2250 contradicunt
323 2189 412 2250 croix
435 2208 467 2249 u.
491 2192 559 2251 548.
584 2191 686 2251 Acme.
706 2192 800 2269 Punq.
825 2197 854 2250 et
880 2186 954 2259 alii,
971 2198 1001 2249 et
1016 2188 1101 2264 ajunt

84 2284 159 2334 tuno
183 2274 222 2335 ub
240 2274 298 2334 ulio
316 2275 436 2334 culicem
453 2291 515 2335 esse
538 2276 726 2336 sumendum.
748 2275 827 2334 Dicit
846 2271 949 2333 Tumb.
964 2290 1101 2350 quaeren-

85 2357 160 2416 dum
172 2375 234 2417 esse
253 2357 305 2436 qui
322 2359 475 2436 supplent,
502 2368 569 2437 post
592 2369 705 2437 septem
726 2358 814 2417 etiem
839 2355 946 2432 horos3
964 2358 1014 2416 sed
1030 2375 1101 2435 pro-

84 2441 225 2502 babiliter
240 2440 326 2514 Gon,
342 2444 388 2501 cui
403 2441 536 2503 adhorret
558 2441 740 2522 Pcsq.upud
752 2441 842 2502 Crot'u
854 2460 884 2500 u.
898 2443 974 2512 549,
987 2442 1099 2501 sitnon

85 2544 149 2587 csse
165 2523 242 2585 ultre
260 2525 453 2605 querendum
468 2526 556 2606 quim
576 2545 733 2606 perunum
754 2527 871 2585 circiter
889 2523 1011 2597 horum,
1031 2524 1101 2584 eliis

84 2629 146 2672 non
165 2619 301 2670 censetur
322 2629 417 2671 unum
439 2611 628 2672 sucrificium.
652 2611 682 2670 Si
709 2608 780 2669 veru
802 2609 977 2668 sucrificium
1003 2617 1101 2687 posset

83 2694 219 2773 suppleri
239 2694 277 2754 nb
296 2695 401 2756 eudem
420 2695 592 2768 secerdote,
613 2689 720 2756 melius
743 2693 799 2753 hoc
817 2701 909 2769 essct,
925 2691 1014 2771 quim
1034 2709 1101 2770 sup

85 2781 165 2860 pleri
181 2780 219 2841 ab
252 2781 332 2852 elio,
357 2781 472 2843 etiamsi
500 2782 553 2842 ille
574 2798 635 2844 non
655 2787 730 2842 osset
757 2777 889 2860 jejunus.
911 2777 1001 2843 croix
1031 2795 1098 2842 curu

88 2862 162 2928 Gob.
180 2882 265 2928 uum.
282 2867 353 2928 utu.
907 2893 912 2901 ·

487 2983 639 3050 DUBIUM
654 2983 705 3050 tv.
758 3061 760 3064 ,

310 3119 396 3218 Quo
420 3121 502 3199 ioco
523 3121 785 3200 celebrandum
807 3123 878 3200 site

85 3269 137 3323 556
152 3270 197 3321 An
208 3272 234 3323 ct
244 3266 276 3321 iu
291 3267 544 3335 quoti‘neccrritate
556 3265 639 3322 liceat
670 3273 753 3323 rutro
768 3267 919 3322 Ecclesium
937 3263 1098 3320 celebrere?

185 3345 223 3394 ut
238 3355 277 3395 an
287 3342 318 3393 iu
329 3343 427 3395 muri?

85 3423 135 3474 551
151 3425 197 3474 Au
210 3425 236 3475 ct
249 3422 362 3488 quaudo
380 3422 462 3476 liccat
482 3420 620 3476 celebrare
631 3421 661 3474 iu
683 3421 817 3475 oratoriis
838 3434 873 3474 cu
894 3417 1099 3486 dispensatione

183 3495 341 3562 Episcopi?
357 3496 431 3549 licet
445 3499 468 3547 1.
481 3495 512 3548 io
534 3495 669 3548 oratoriis
690 3492 846 3546 benedictis.
869 3497 906 3544 11.
923 3492 955 3543 in
966 3493 1098 3546 oratoriis

184 3569 425 3624 communitatum.
443 3572 495 3623 111.
505 3569 538 3622 iu
555 3567 689 3622 oratoriis
706 3567 802 3622 creetis
812 3567 843 3620 iu
851 3565 970 3636 palatiis
986 3565 1098 3635 Episco-

184 3655 296 3710 porum.
729 3649 734 3662 ·
