2450 3975
108 245 147 297 66
345 234 411 297 tto.
422 236 452 294 6.
469 236 565 293 ticet.
577 233 606 292 5.
621 232 667 291 De
678 228 880 291 Euchariston.

112 340 202 403 66646
216 359 245 401 6.
256 340 322 400 tto.
332 336 415 413 424664
426 357 457 398 6.
467 334 599 397 elwino
609 354 641 394 6.
652 336 683 395 4.
693 334 799 415 Sporer
813 352 846 414 p.
857 334 925 395 466.
937 340 966 395 64
975 334 1010 395 Ρ.
1023 332 1111 396 Sator.
1215 372 1216 385 .

110 426 139 488 d.
153 433 220 487 sect.
234 428 263 485 4.
280 443 317 485 ex
328 426 369 483 D.
387 421 440 483 Tit.
457 422 510 501 qui
530 420 564 481 in
584 422 613 480 4.
636 417 665 479 d.
682 421 711 479 8.
730 435 761 497 q.
778 421 807 479 4.
822 427 880 479 ort.
898 422 927 480 4.
949 437 977 499 q.
991 422 1022 481 4.
1043 419 1114 481 dicit

110 508 189 588 qubd
207 528 295 571 omne
314 507 394 586 quod
416 507 454 567 ab
472 499 632 566 intrinse'co
647 505 784 583 provenit
799 512 854 576 ,64
874 522 925 564 ore
942 524 1002 566 noo
1022 508 1116 566 sumi·
1215 504 1216 507 ’

110 603 160 655 tur
172 594 210 654 ab
224 595 407 660 extrinseco,
432 608 495 651 noo
514 586 584 650 6666
606 588 791 661 comeditur,
816 598 846 648 et
866 589 933 650 ideb
954 608 1014 651 uoo
1040 590 1117 652 tollit

107 677 256 757 jejunium
275 678 420 737 naturale.

149 764 206 823 Sed
227 764 380 823 dubitator
403 763 431 820 4.
446 761 492 820 Ao
506 758 674 821 voluntaria
690 757 822 837 trajectio
841 759 1036 839 reliquiarum
1059 762 1116 826 eibi

110 850 226 929 frangat
239 848 412 925 jejunium?

151 934 257 993 Primo
281 929 427 992 sententio
448 938 557 1008 negat,
574 937 605 990 et
626 927 702 991 banc
718 938 821 990 tonent
838 932 926 993 Soter.
945 940 1014 994 sect.
1038 936 1068 995 4.
1087 952 1117 995 o.
1215 970 1216 983 .

117 1019 228 1095 Tertio,
245 1013 330 1078 Ettet
342 1035 373 1074 6.
396 1018 444 1075 99.
462 1015 572 1090 Quarti
584 1034 616 1094 p.
638 1016 669 1074 5.
691 1013 737 1074 n't.
756 1018 786 1076 9.
804 1024 871 1077 sect.
889 1020 917 1079 l.
928 1017 995 1097 diss.
1008 1021 1037 1078 l.
1050 1018 1118 1079 Pol.
1215 1068 1216 1071 .

112 1122 144 1163 n.
161 1103 190 1161 8.
204 1120 272 1162 eum
285 1104 357 1161 Con.
371 1109 400 1160 et
411 1102 502 1161 liene.
519 1098 614 1158 Dion.
628 1116 659 1178 p.
681 1100 710 1159 5.
724 1106 762 1159 tr.
774 1102 803 1161 4.
818 1120 844 1162 r.
856 1104 905 1162 57.
917 1121 984 1163 eum
999 1102 1118 1167 Tabien.

114 1197 143 1247 et
160 1186 341 1263 probabilem
369 1193 474 1263 putant
499 1181 601 1245 Tomb.
621 1202 705 1243 nom.
732 1186 782 1244 66.
803 1185 905 1247 Eseob.
923 1206 954 1246 6.
971 1188 1041 1248 544.
1057 1208 1121 1249 cunt

113 1268 233 1351 dioises.
252 1269 399 1352 Oebopoo.
420 1268 516 1350 Petip.
540 1275 592 1328 etc.
621 1270 692 1327 item
719 1272 847 1330 Tonner.
873 1269 985 1332 Leonti.
1001 1280 1032 1333 et
1050 1276 1118 1338 Gob.

114 1355 196 1435 6666
208 1354 298 1416 Croix
318 1375 349 1415 6.
369 1356 437 1415 sot.
452 1356 537 1413 ilatio
550 1398 559 1422 ,
572 1354 641 1431 quia
655 1353 787 1431 reliquiae
805 1355 863 1415 cibi
884 1355 981 1433 pridie
993 1359 1120 1434 sumpti,

114 1441 182 1501 eiam
201 1460 261 1501 non
276 1442 456 1518 recipiantur
472 1439 509 1497 ab
524 1439 688 1499 extrinseco
706 1438 755 1498 die
772 1440 1006 1514 communionis,
1026 1460 1123 1503 moro·

115 1527 184 1585 liter
200 1535 378 1602 reputantur
395 1534 492 1602 partes
515 1524 703 1583 comestionis
726 1526 917 1603 praecedentis
935 1527 1019 1603 diei3
1045 1528 1123 1588 unde

115 1610 249 1689 quamvis
261 1626 297 1669 ex
314 1609 458 1669 industria
472 1606 676 1684 trajiciantur,
691 1610 843 1669 moraliter
862 1628 921 1670 non
941 1614 1124 1672 constituunt

118 1713 222 1756 novam
240 1695 466 1764 comestionem,
481 1694 530 1753 sed
555 1693 734 1772 praeteritam
748 1695 915 1773 perficiunt.
934 1696 1026 1757 Addit
1038 1699 1123 1757 aliam

117 1783 262 1841 rationem
275 1783 378 1849 Soror..
401 1780 470 1859 qoia
486 1780 557 1838 tales
579 1778 714 1856 reliquioe
730 1797 791 1839 uon
806 1788 966 1840 sumuntur
987 1798 1043 1859 por
1062 1800 1125 1842 mo·

117 1866 189 1925 dum
206 1867 283 1937 cibi,
298 1865 349 1925 sed
372 1882 425 1943 per
441 1863 563 1924 modom
583 1863 693 1922 salivae.
709 1864 769 1923 Neo
784 1863 903 1930 videtur
925 1862 986 1924 baeo
1007 1876 1126 1927 senten·

117 1951 157 2010 tia
175 1949 320 2009 difformis
333 1966 395 2008 esse
414 1948 548 2008 Rubricae
569 1947 676 2007 blissal.
693 1944 728 2008 de
746 1944 848 2026 defert.
870 1966 953 2010 6666.
973 1950 1001 2010 5.
1019 1951 1071 2012 ubi
1085 1952 1141 2012 sie·

108 2033 226 2098 ¹dicitur
242 2054 250 2091 a
268 2033 303 2092 Si
316 2029 449 2112 reliquie
463 2031 521 2094 eidi
532 2040 714 2094 remanentes
725 2030 759 2093 in
783 2051 832 2093 ore
854 2031 1124 2116 transplntt‘ontttr,

116 2139 177 2182 non
191 2116 358 2200 impedient
376 2118 627 2193 communionem,
641 2117 709 2178 6666
727 2135 789 2180 teon
804 2116 1058 2201 transplette'antnr
1075 2141 1127 2206 pet·

117 2202 237 2267 6666666
257 2203 315 2266 ribi
329 2248 337 2276 ,
351 2202 401 2264 aed
416 2201 604 2283 percendum
624 2201 737 2264 salicae.

157 2289 289 2352 Secundo
304 2290 449 2350 sententio
466 2285 537 2348 verb
566 2288 753 2349 communior
772 2288 920 2360 affirmet,
941 2299 972 2353 et
989 2290 1066 2355 hano
1085 2304 1128 2356 te·

118 2384 170 2435 net
184 2377 226 2434 D.
248 2373 351 2435 Tbom.
367 2374 396 2432 5.
408 2379 489 2452 part.
513 2390 564 2453 qu.
585 2374 635 2432 80.
650 2365 714 2432 brt.
729 2374 759 2433 8.
776 2373 816 2434 ad
832 2377 862 2434 4.
877 2375 927 2435 ubi
939 2377 1011 2436 dicit
1025 2399 1033 2436 ε
1049 2376 1127 2440 aett-

118 2461 197 2542 qua'ee
216 2459 274 2522 eibi
298 2466 480 2519 remanentes
496 2457 531 2518 in
553 2476 617 2534 ore,
636 2457 665 2518 si
675 2455 833 2519 casualiter
850 2459 1126 2540 immolationem,

119 2564 180 2606 666
201 2543 368 2628 impediunt
383 2541 627 2605 communionem.
655 2541 752 2617 Ergd,
774 2545 798 2602 si
817 2545 1066 2622 transglutiuntur
1092 2565 1127 2609 ex

120 2633 292 2710 proposito,
310 2630 499 2710 impediunt3
526 2629 608 2687 etita
628 2636 747 2686 censent
770 2629 858 2688 etiam
877 2628 981 2692 Cebes.
1004 2639 1027 2692 t.
1049 2635 1077 2694 4.
1101 2653 1126 2695 6.

119 2719 149 2777 6.
164 2736 197 2776 6.
219 2718 248 2775 7.
274 2713 344 2776 Fttt.
363 2715 399 2776 de
413 2713 507 2776 6666.
522 2731 612 2782 6666.
626 2714 694 2772 556.
718 2717 809 2775 Rene.
829 2733 860 2795 q.
878 2717 907 2776 6.
925 2735 950 2777 r.
970 2719 1001 2777 2.
1020 2719 1127 2800 Lepta.

118 2820 150 2862 6.
164 2802 212 2860 48.
233 2799 335 2860 Tomb.
352 2819 384 2858 n.
395 2803 445 2860 ub.
465 2802 543 2860 Bon.
556 2819 587 2879 p.
605 2801 635 2859 2.
648 2818 680 2859 6.
696 2801 726 2859 b.
743 2797 819 2861 Vivo
836 2816 866 2880 q.
879 2803 908 2861 4.
921 2808 980 2862 ort.
996 2804 1026 2863 8.
1043 2823 1076 2864 6.
1098 2805 1126 2864 4.

118 2885 188 2946 Ant.
202 2901 233 2964 p.
250 2885 318 2944 487.
332 2886 416 2944 Cont.
432 2887 542 2944 Toum.
557 2884 609 2944 loe.
626 2886 675 2945 eit.
688 2902 754 2944 6666
773 2887 862 2965 Vosq.
875 2892 905 2945 et
916 2884 997 2966 Spita.
1019 2890 1127 2960 Ratio,

118 2972 187 3052 quia
201 2968 372 3047 hujusmodi
388 2968 582 3045 reliquiarum
599 2969 732 3045 trajectio
746 3013 754 3042 ,
768 2968 835 3030 etim
859 2987 894 3029 ex
916 2971 1061 3032 industria
1074 2973 1129 3045 fit,

118 3057 237 3117 videtur
256 3071 331 3114 nova
349 3053 499 3112 comestio.
517 3053 614 3112 Prima
634 3055 778 3114 sententia
804 3072 865 3114 non
879 3055 996 3116 videtur
1016 3057 1131 3136 impro-

120 3139 306 3214 babilis,sed
321 3137 384 3198 haec
403 3137 530 3196 secunde
550 3147 594 3197 est
612 3139 814 3216 probabilior,
830 3148 860 3199 et
880 3141 1002 3201 omnind
1025 3159 1131 3202 consu·

119 3228 205 3289 londa
219 3248 227 3286 z
243 3234 278 3285 ut
294 3221 373 3284 66646
385 3221 488 3281 dicunt
499 3223 589 3283 Scor.
607 3219 701 3287 Satn.
717 3231 744 3282 et
757 3225 833 3285 Geo.
852 3223 886 3282 in
898 3223 967 3285 diet.
984 3225 1131 3302 liudrico,

119 3313 187 3374 ticet
211 3314 243 3373 in
262 3311 318 3371 hoc
336 3328 394 3369 noo
417 3309 456 3368 sit
471 3307 641 3385 scrupulose
664 3307 835 3391 agendum,
855 3316 890 3369 ut
915 3311 1062 3391 sapienter
1081 3308 1133 3370 ad-

119 3397 209 3454 vertit
227 3401 265 3457 P.
281 3397 370 3455 Sator.
388 3393 473 3454 Unde
487 3392 615 3452 libenter
636 3409 744 3470 sequor
763 3395 938 3454 sententiam
956 3396 1087 3476 Lupones
1100 3391 1129 3456 d.

122 3478 169 3534 45.
183 3495 216 3534 6.
229 3480 279 3536 56.
294 3497 382 3556 qoam
401 3477 591 3555 amplectitur
604 3478 693 3537 etiam
711 3479 752 3538 N.
764 3479 800 3539 P.
812 3477 986 3543 Benedictus
1001 3479 1036 3543 de
1046 3483 1131 3542 Scor.

120 3555 202 3612 66666.
220 3565 241 3613 4.
265 3561 294 3616 9.
319 3560 341 3618 4.
364 3564 394 3620 5.
422 3579 448 3618 c.
466 3564 539 3631 tt,
563 3580 670 3638 nempe
695 3560 775 3640 qubd
801 3565 934 3641 reliquie
956 3564 972 3628 t't
993 3563 1132 3628 dentibus

123 3636 264 3705 divulsae,
284 3657 350 3712 qoae
368 3643 547 3703 sensibiliter
569 3648 602 3704 in
627 3640 726 3724 lingua
753 3647 956 3726 percipiuntur
970 3691 979 3726 ,
994 3648 1132 3728 equidem
