2450 3975
118 196 178 259 roo
348 190 414 257 ιιι.
428 192 460 254 a.
477 192 575 254 rna.
588 190 618 251 a.
632 146 888 253 meraritarum.

116 296 201 373 signo
220 292 324 358 debeat
340 293 376 355 ad
393 310 526 355 mensam
538 290 695 367 aoeedere3
716 289 786 351 allis
798 292 865 353 talis
877 292 1037 367 comestio,
1048 294 1124 357 dum

118 379 213 441 adhue
223 379 255 440 in
266 378 417 440 stomacho
426 386 615 457 perseverant
626 377 735 455 speeies
745 387 930 455 consecratae,
941 379 980 439 ob
992 380 1123 459 aliquam

118 464 339 525 irreverentiam
360 481 422 525 non
441 460 628 525 moueaturb
646 461 732 538 culpa
748 462 873 533 veniali,
888 473 923 523 ιιι
942 463 1045 525 dieunt
1058 466 1121 525 ΛΑ.

116 548 196 610 citati
205 566 242 609 ox
251 550 291 609 D.
307 547 361 610 Tb.
370 548 421 626 qui
435 544 457 607 1.
469 546 601 607 edocet:
611 544 752 607 Debet...
762 562 822 607 esse
837 543 940 629 aliquo
949 566 1033 609 oraro
1045 548 1128 609 inter

116 631 313 713 sumptionem
325 630 415 711 brajao
424 627 617 704 armamenti,
628 636 657 687 et
665 626 792 709 reliquos
800 627 887 691 ribos.
896 632 1012 703 Quanto
1022 642 1125 693 autem

117 721 252 859 pompare
283 717 445 795 perdurent
468 715 502 776 in
527 710 678 775 stomacho
705 714 815 791 speeies
840 720 1040 777 consecratae?
1057 715 1126 777 eide

140 798 197 859 ictu
210 819 243 861 ιι.
258 802 331 862 225.

156 886 226 947 284.
245 918 285 932 -
304 908 319 938 u
340 884 408 946 Dixi
424 882 457 945 in
472 898 603 964 respons.
625 881 800 964 repuleraler
813 905 824 944 .-
838 884 907 965 quia
926 904 987 947 uon
1001 884 1126 964 jejunus

118 993 132 1022 a
155 968 235 1033 lioitb
252 970 499 1033 communicatio
517 968 708 1047 sequentibus
728 970 859 1041 casibus,
874 970 899 1031 si
915 970 1036 1048 quidem
1044 971 1126 1048 jeju·

118 1076 132 1106 u
156 1071 283 1115 nusnon
294 1055 385 1133 possit
405 1054 468 1113 sine
487 1053 609 1131 notabili
628 1053 882 1127 incommodo,ut
897 1064 1020 1117 monent
1034 1060 1123 1117 Cone.

117 1158 133 1188 a
153 1146 183 1197 et
194 1142 307 1201 Bonae.
320 1138 402 1221 opud
412 1138 505 1199 Dion.
515 1157 550 1219 p.
566 1139 596 1199 9.
607 1156 672 1219 cop.
687 1140 717 1199 6.
728 1158 756 1200 r.
770 1142 821 1201 11.
952 1196 954 1200 .

159 1244 173 1275 ⁸
194 1225 224 1285 l.
237 1226 272 1285 ln
285 1225 416 1304 periculo
436 1225 558 1290 mortis,
575 1223 638 1283 aive
652 1222 727 1283 illud
744 1225 783 1285 sit
796 1241 832 1285 ex
843 1224 949 1287 morbo
960 1268 968 1297 ,
981 1224 1123 1301 vulnere,

117 1330 130 1361 a
156 1326 293 1386 veneno,
315 1311 377 1373 aire
398 1329 436 1371 ex
457 1309 601 1369 sententia
623 1306 742 1384 judicis.
762 1310 799 1368 Et
822 1308 942 1387 quidem
966 1311 997 1371 in
1018 1312 1124 1373 eodem

117 1417 130 1447 ι
155 1397 277 1468 morbo,
292 1397 346 1457 etsi
361 1416 422 1457 non
437 1394 581 1469 tenearis,
599 1401 682 1472 potes
700 1402 799 1453 tamen
817 1403 881 1471 post
901 1396 1030 1472 aliquot,
1045 1416 1076 1456 v.
1091 1416 1123 1475 g.

117 1502 131 1531 a
156 1481 193 1554 6,
213 1482 231 1539 7
248 1482 294 1541 vel
315 1481 428 1550 etiam,
449 1478 484 1539 rit
505 1486 590 1555 putat
612 1478 740 1559 leym„
760 1476 833 1539 duos
857 1477 919 1539 dies
938 1479 1004 1557 (etsi
1025 1480 1126 1559 quoad,

116 1586 130 1615 ι·
154 1560 211 1624 boo
225 1562 411 1642 potissimr'rm
428 1561 640 1625 attendendum
654 1580 715 1623 esse
728 1561 764 1622 ad
784 1564 1041 1635 consuetudinem,
1057 1583 1128 1625 mo·

116 1675 131 1705 a
154 1661 222 1713 neat
242 1650 330 1715 Corui.
350 1649 486 1731 debrrpo)
500 1657 635 1727 repetere
647 1648 794 1711 Viatioum
814 1648 1125 1727 nonjejuuus,dum-

117 1757 132 1789 »
154 1736 243 1799 modb
258 1754 384 1816 nequeas
396 1735 517 1815 jejunus
527 1751 662 1807 sumere,
675 1741 705 1793 et
718 1734 883 1811 perieulum
899 1736 1005 1795 mortis
1020 1753 1126 1795 recur-

116 1845 130 1873 π
154 1831 218 1896 ret,
235 1832 270 1883 ut
281 1822 403 1883 donetur
421 1839 548 1892 comm,
567 1819 615 1879 vel
632 1818 687 1879 etsi
708 1828 844 1895 maneat,
859 1827 894 1880 ut
912 1828 1012 1880 contra
1029 1820 1123 1899 Vooq.

114 1932 132 1962 a
153 1906 253 1985 Praep.
269 1903 382 1966 elalius
399 1905 594 1965 docentNuo.
612 1899 676 1965 rot.
691 1903 796 1985 Reque.
811 1906 900 1965 auor.
913 1902 1039 1985 aarum
1051 1909 1077 1963 s‘.
1090 1904 1121 1965 3.

117 2015 130 2045 ι
153 2010 185 2052 o.
200 1993 249 2050 65.
263 1989 349 2062 Ιιιιὸ,
368 1993 422 2051 etsi
444 2009 506 2051 non
527 1990 613 2051 liceat
631 2006 710 2069 aegro
732 2008 769 2050 ex
789 1991 849 2050 sola
872 1989 1028 2050 devotione
1041 2007 1124 2050 eorn-

116 2101 130 2128 ι
153 2075 320 2146 munirare,
334 2076 410 2135 sacto
422 2073 538 2152 jejunio
549 2095 559 2150 3
570 2075 594 2134 si
611 2083 710 2134 tamen
724 2074 845 2135 morbus
858 2083 932 2138 esset
944 2073 1122 2148 diuturnus,

114 2184 129 2214 a
156 2177 211 2219 nee
230 2169 328 2238 posset
346 2159 411 2218 dari
431 2159 621 2228 communio,
642 2160 697 2219 nisi
719 2168 786 2236 post
806 2159 1000 2236 medicinam,
1014 2153 1123 2237 probass

114 2269 129 2301 a
152 2244 212 2308 bile
228 2263 290 2306 esse
302 2245 334 2306 id
349 2243 455 2314 licere,
472 2241 579 2303 dorent
597 2240 704 2304 Armil.
721 2240 810 2305 Tolet.
822 2247 899 2306 Bora.
911 2243 1013 2326 Rapio.
1024 2243 1121 2304 Haur.

114 2356 128 2387 ι
151 2333 285 2404 Suorez,
304 2329 408 2393 Esoob.
421 2338 475 2390 eto.
492 2347 622 2407 quorum
641 2330 732 2408 aliqui
753 2331 875 2409 exigunt
890 2330 1013 2408 longum
1028 2329 1123 2390 inler-

113 2440 128 2470 »
151 2417 282 2489 vallum,
299 2435 328 2476 v.
344 2435 374 2494 g.
394 2417 433 2476 50
452 2414 589 2488 dierum,
609 2421 644 2474 ut
662 2415 743 2475 Nou.
761 2423 791 2476 et
810 2411 900 2488 roa,
918 2415 968 2474 alii
984 2415 1004 2474 8
1019 2414 1066 2474 vel
1082 2416 1123 2476 10

113 2525 127 2556 ι
151 2500 234 2570 dies,
254 2510 288 2562 ut
304 2503 394 2563 Suar.
410 2502 504 2561 Henr.
517 2501 610 2580 Fop„
628 2498 680 2558 alii
696 2501 715 2560 7
729 2509 762 2560 ut
774 2496 873 2580 Spin,
892 2499 940 2559 alii
955 2499 973 2558 6
987 2505 1021 2558 ut
1034 2497 1123 2560 Arm,

113 2612 127 2641 a
151 2585 258 2649 lomb.
274 2589 391 2648 Porsen.
403 2580 512 2645 016111.
524 2601 598 2662 quos
611 2584 747 2661 sequitur
760 2585 852 2646 Diae.
865 2581 900 2644 de
910 2579 1010 2644 celebr.
1023 2600 1049 2642 r.
1062 2583 1102 2644 77
1107 2605 1124 2660 p

113 2693 128 2724 a
150 2671 201 2729 alii
223 2671 402 2747 permittunt
420 2668 530 2741 toties,
554 2666 670 2745 quoties
691 2687 762 2729 sano
786 2675 883 2746 posset
906 2667 970 2728 dari
990 2664 1117 2744 jejuno:

113 2780 127 2810 a
151 2755 191 2813 ita
209 2754 314 2816 Eocob.
329 2763 352 2813 t.
369 2757 399 2815 7.
414 2772 438 2814 e.
453 2754 484 2813 6.
498 2769 535 2814 eu
547 2755 663 2829 Horra,⁸
681 2753 730 2813 alii
750 2752 877 2832 denique
889 2764 972 2832 posse
987 2755 1121 2830 sequenti

112 2863 126 2893 a
149 2838 249 2897 statim
267 2837 317 2897 die
328 2837 413 2910 dari,
429 2837 468 2897 ob
482 2836 593 2914 justam
609 2855 742 2909 oausam,
758 2846 793 2896 ut
810 2839 835 2896 si
857 2847 978 2916 propter
998 2855 1121 2897 eonsue-

111 2948 126 2978 0
149 2921 301 2996 tudinem,
317 2928 347 2979 et
362 2919 562 2992 desiderium,
578 2928 631 2980 aut
650 2919 837 2981 devotionem
856 2921 1014 2982 difficulter
1031 2921 1122 2981 absti-

111 3036 126 3065 ι
150 3017 238 3083 neat,
258 3015 289 3066 et
308 3005 460 3066 moraliter
479 3004 616 3065 videatur
640 3007 750 3066 instare
765 3007 931 3085 perieulum
945 3006 1060 3066 mortis.
1074 3007 1121 3067 Sie

110 3121 126 3152 ι
148 3099 254 3177 Loym.
271 3089 294 3152 1.
310 3093 339 3152 5.
352 3097 391 3150 tr.
404 3093 435 3152 1.
448 3108 474 3151 0.
487 3091 517 3151 9.
531 3110 565 3150 a.
575 3092 626 3152 20.
636 3089 750 3152 Verum
769 3111 801 3152 ea
824 3091 856 3152 in
874 3109 908 3152 re
928 3091 984 3152 lori
999 3109 1123 3152 eonsue-

110 3206 125 3236 »
150 3182 223 3242 ludo
239 3175 395 3258 spectanda
415 3183 478 3252 est,
500 3194 569 3255 quaa
584 3193 664 3236 nunc
683 3177 788 3236 saltem
800 3175 919 3236 videtur
931 3176 1120 3254 permittere,

111 3291 125 3320 a
148 3275 183 3328 ut
202 3267 322 3346 quando
345 3261 487 3334 morbus,
510 3269 542 3320 et
560 3260 726 3339 periculum
747 3260 800 3322 diu
822 3258 1030 3340 protrahitur,
1054 3269 1122 3339 post

110 3373 125 3402 n
148 3353 228 3412 7vol
248 3351 268 3410 8
288 3349 351 3408 dies
365 3345 476 3407 iterum
493 3345 581 3406 detur
601 3345 774 3407 communio·
791 3363 853 3407 non
868 3343 984 3424 jejuno.
996 3343 1069 3410 Vide
1087 3343 1123 3407 de

110 3456 125 3484 »
147 3435 229 3512 Lupo
242 3433 271 3492 d.
286 3437 335 3494 15.
349 3440 416 3493 sect.
429 3433 459 3492 5.
471 3429 506 3492 de
517 3428 650 3492 ructor.

148 3517 269 3572 2815.-
282 3518 450 3586 Quaeritur,
467 3534 506 3575 au
527 3513 613 3575 lieeat
631 3516 871 3578 eommunionem
894 3515 1005 3578 iterrlm
1028 3513 1124 3576 mini-

110 3594 195 3650 strari
209 3593 328 3663 infirmo
339 3615 399 3654 non
407 3597 510 3671 jejuno
521 3640 530 3672 ,
542 3599 592 3675 qui
602 3595 666 3674 jam
680 3601 793 3662 viatico
804 3601 938 3662 munitus
947 3607 992 3662 esi
1001 3599 1123 3674 rQuid·
