2450 3975
130 154 189 219 118
371 150 437 215 tit.
452 152 482 210 6.
498 150 595 211 Tenet.
608 148 639 207 6.
653 150 697 208 lle
712 144 895 228 paenitentia.

129 254 217 317 debet
242 272 304 320 esse
325 253 477 333 punitiva,
499 250 660 311 sedetiam
683 249 884 321 medicinalis,
906 266 1013 329 nempe
1031 256 1138 311 utnon

131 336 246 399 tantrim
269 339 308 398 sit
329 340 361 398 in
383 337 544 397 vindictam
570 334 638 394 vitae
659 341 815 404 anteactae,
830 332 880 391 sed
894 334 982 392 etiam
997 335 1029 393 in
1042 344 1139 394 eusto-

129 422 209 483 diam
227 423 356 497 foturoe3
377 422 481 501 nequit
501 425 600 479 autern
620 418 812 480 confessarius
832 418 1055 479 convenientem
1077 436 1139 479 me·
1210 434 1211 437 ’

129 506 258 649 pieinam
282 506 438 586 poenitenti
462 505 631 585 applicare,
655 503 713 563 nisi
739 503 892 583 culparum
913 501 978 579 ejus
1000 504 1138 564 notitiam

151 590 245 653 abeat.

167 675 301 739 86666616
323 673 467 739 sceleratio
491 672 562 735 verb
586 672 657 733 eatis
680 670 841 751 probabilis
864 680 951 749 negat
974 691 1036 734 esse
1063 672 1139 735 bane

129 758 356 837 obligationem,
378 774 501 837 eamque
522 768 624 819 tenent
638 760 718 819 Neo.
732 758 820 819 Man.
832 774 857 817 6.
870 761 920 819 06.
933 777 965 817 a.
980 760 1030 818 22.
1046 755 1137 819 Tolet.

128 840 151 903 l.
176 846 205 903 5.
220 865 246 905 e.
262 848 310 906 11.
323 865 356 906 n.
371 847 420 907 10.
435 847 513 904 Bon.
527 861 578 923 qu.
590 844 619 903 5.
633 862 664 923 p.
682 842 711 903 5.
734 861 766 902 6.
777 844 807 901 8.
824 843 882 915 Sa,
894 860 924 901 o.
944 841 1136 919 Setisfortio,
1210 890 1211 901 ,

129 945 162 987 a.
180 930 209 988 6.
224 930 318 991 nean.
338 949 370 1011 p.
386 933 416 990 a.
438 936 477 987 a.
502 930 551 989 ts.
571 946 598 987 r.
613 929 663 988 aa.
681 944 747 987 cam
763 928 857 986 near.
874 922 945 986 vat.
963 925 1137 988 nonaria.

134 1009 674 1075 1566161.Ρ661611.176166.616.6116666
687 1010 869 1089 probabilem
880 1017 988 1087 putant
998 1010 1136 1071 11666665.

128 1102 164 1153 et
181 1098 290 1177 aoprd,
308 1098 391 1178 Lupo
409 1115 441 1156 6.
460 1097 528 1157 109.
543 1092 648 1156 116661.
659 1115 693 1176 p.
707 1096 775 1155 552.
790 1112 822 1153 6.
841 1095 888 1153 17.
901 1095 1051 1174 Sporern.
1069 1098 1137 1155 580.

128 1187 157 1237 66
169 1182 274 1259 haym.
285 1180 380 1243 Salm.
395 1178 513 1242 Holzm.
530 1200 565 1242 66
578 1180 681 1242 Tomb.
693 1176 762 1239 loeis
776 1180 826 1239 eil.
838 1180 922 1239 Ratio
935 1224 943 1250 ,
957 1181 1025 1258 qnia
1040 1182 1071 1239 in
1086 1181 1139 1241 hae
1210 1198 1211 1207 ¹

129 1267 257 1327 ereunda
271 1268 452 1329 consessione
470 1286 529 1328 non
546 1268 643 1346 agitur
663 1266 699 1326 de
714 1265 827 1343 jndicio
841 1266 963 1325 serendo
977 1285 1066 1345 snper
1077 1269 1139 1327 661-
1184 1344 1189 1355 .

130 1351 176 1425 pis
197 1351 301 1413 delatis
318 1355 350 1413 in
370 1353 548 1413 consessione
569 1351 764 1430 praecedenti,
778 1349 829 1410 nbi
846 1348 992 1425 jodieinm
1004 1351 1067 1428 jam
1083 1353 1140 1411 soit

129 1434 335 1505 efformatum,
352 1438 403 1497 sed
417 1435 533 1497 tantdm
549 1438 646 1514 agitur
659 1435 696 1496 de
709 1435 877 1514 poenitentis
892 1436 1065 1513 impotentia
1079 1438 1140 1496 sive

127 1516 326 1581 imbecillitate
347 1522 384 1581 ad
404 1522 607 1599 poenitentiam
623 1519 821 1598 implendam,
836 1528 866 1577 et
881 1521 922 1579 sie
941 1522 1139 1599 respondetur

129 1603 166 1662 od
180 1605 307 1682 primam
321 1606 478 1665 rationem.
493 1606 646 1665 Difficilius
659 1614 703 1664 est
720 1605 898 1681 respondere
911 1606 946 1664 ad
959 1608 1137 1669 secundam:

129 1689 179 1747 sed
196 1690 367 1769 responderi
380 1697 497 1770 potest,
515 1688 595 1767 qodd
610 1690 802 1750 confessarius
819 1690 1029 1750 eornmutando
1044 1692 1138 1769 poeni-

128 1775 251 1836 tentiam
273 1776 305 1836 in
326 1778 469 1854 equalem
488 1776 533 1835 vel
554 1773 1138 1853 6616666666,56666616666665566666-

129 1860 257 1921 dicinam
278 1865 402 1940 pereatis
420 1864 490 1922 aliis
508 1863 663 1938 confessis,
679 1861 725 1921 vel
741 1861 920 1939 imponendo
932 1864 1137 1940 poenitentiam

128 1946 371 2021 aequivalentem,
383 1950 428 2008 vel
441 1948 645 2028 poenitentiam
656 1948 753 2007 domm
767 1946 928 2008 minuendo
938 1946 1022 2024 juxta
1038 1950 1138 2028 dispo-

127 2029 265 2090 sitionem
290 2033 471 2111 poenitentis.
493 2031 639 2092 Caeterdm
663 2033 752 2093 iidem
775 2033 836 2090 ΑΛ.
858 2032 963 2110 primae
984 2037 1138 2096 sententiaa

129 2116 175 2188 (nt
188 2114 321 2190 Peleus,
341 2113 435 2177 Salar.
449 2119 578 2196 Roacap.
593 2113 698 2188 attat,
711 2123 740 2176 et
756 2114 855 2192 Greia)
869 2117 998 2176 latentur
1016 2136 1053 2178 6ο
1070 2138 1137 2178 casu

129 2217 188 2260 non
211 2219 273 2262 esse
295 2220 368 2281 opos
387 2202 501 2279 singula
526 2211 641 2279 peecata
663 2209 817 2279 repetere,
843 2201 893 2260 sed
921 2199 1036 2262 tantiam
1061 2222 1138 2282 prae·

127 2281 210 2363 eipna
222 2330 230 2354 ,
243 2297 385 2366 quantum
402 2286 509 2346 suffieit
519 2287 555 2346 ad
566 2287 702 2347 notitiam
712 2286 860 2346 eonlusam
871 2285 1037 2346 hahendam
1046 2289 1139 2349 statiis

127 2373 309 2447 paenitentis.
339 2369 518 2450 adduntque
548 2373 743 2451 probabiliter
777 2371 857 2432 Noa.
890 2389 915 2432 6.
939 2373 989 2432 26.
1015 2391 1049 2433 6.
1084 2377 1134 2435 22.
1210 2369 1211 2376 ἶ

126 2456 212 2535 Spor.
227 2453 248 2516 l.
262 2475 287 2516 6.
301 2463 330 2517 et
342 2455 443 2516 renat.
460 2476 492 2517 rt.
504 2457 553 2518 23.
567 2456 646 2534 qodd
656 2459 680 2517 si
693 2455 884 2518 confessarius
897 2457 1030 2516 advertat.
1041 2460 1137 2536 poeni·

127 2549 237 2600 tentem
261 2560 320 2602 non
341 2542 508 2620 implevisse
523 2544 726 2622 poenitentiam
738 2587 746 2614 ‚
758 2559 812 2600 nec
823 2539 906 2602 facile
923 2542 1135 2620 impleturum,
1201 2545 1206 2558 '

127 2627 215 2685 otiam
233 2645 268 2687 eo
284 2645 344 2687 non
361 2636 498 2706 petente,
510 2627 619 2706 poterit
634 2629 660 2688 ei
677 2627 758 2687 illam
772 2635 965 2686 commutare.

165 2711 326 2772 Dubitatur
348 2713 378 2771 ⁶2.
400 2713 447 2772 An
476 2713 666 2772 confessarios
688 2712 810 2772 inferior
837 2713 929 2789 possit
954 2721 1139 2774 commutare

126 2796 329 2874 paenitentiam
348 2794 365 2854 b
383 2798 536 2874 superiore
555 2799 722 2874 impositam
742 2795 780 2856 ob
803 2813 884 2854 casus
902 2802 1088 2857 reservatos?

165 2879 272 2940 Prima
287 2879 432 2938 sententia
449 2877 636 2941 communior
653 2889 756 2960 negat,
772 2891 806 2940 et
826 2879 902 2939 hane
925 2889 1026 2940 tenent
1043 2883 1139 2944 Gonel

126 2961 157 3026 d.
173 2966 221 3024 15.
240 2983 273 3024 n.
287 2966 337 3024 56.
351 2968 441 3025 Soar.
459 2964 537 3046 disp.
558 2967 607 3025 58.
626 2973 693 3026 sect.
713 2969 761 3027 10.
779 2984 812 3026 n.
830 2967 878 3026 lb.
895 2967 977 3046 Lupo
992 2964 1061 3027 diet.
1085 2969 1136 3028 25.

126 3069 157 3109 η.
174 3047 373 3109 16666166.
393 3051 503 3108 66616.
520 3051 629 3130 Sporer
651 3071 682 3110 6.
695 3053 783 3113 5185.
806 3052 892 3110 Coae.
905 3069 937 3130 p.
952 3053 1021 3110 [655.
1039 3055 1136 3114 6610.

125 3137 216 3196 ltere.
229 3154 254 3195 6.
266 3136 296 3195 2.
307 3142 373 3195 sect.
387 3136 415 3194 5.
428 3136 534 3216 6617».
551 3137 621 3194 item
634 3135 780 3214 Coniaclc,
796 3132 910 3197 Valent.
925 3137 1136 3218 0690611696,

124 3217 215 3298 Molf.
230 3228 281 3280 ete.
297 3239 348 3299 op.
361 3215 455 3280 Saloe.
468 3217 503 3279 de
514 3221 618 3300 poenit.
639 3239 664 3280 6.
682 3223 731 3280 10.
745 3241 777 3303 p.
792 3223 822 3282 0.
837 3221 1049 3290 6678116616,
1065 3225 1137 3298 quia

124 3305 317 3361 accessorium
340 3305 474 3380 seqnitur
492 3313 628 3362 naturam
648 3305 840 3384 principalis:
861 3305 935 3364 sieut
951 3303 1022 3382 ergb
1039 3322 1138 3365 reser-

124 3392 224 3441 vatum
241 3395 304 3443 erat
316 3388 460 3462 superiori
474 3387 620 3464 judicium
641 3389 672 3448 in
691 3409 774 3448 eausa
790 3389 962 3466 principali,
979 3389 1091 3448 seilicet
1105 3391 1138 3450 in

123 3462 307 3526 absolvendis
325 3473 499 3544 reservatis,
523 3474 563 3532 ita
585 3483 730 3532 reservata
751 3481 852 3534 manet
871 3473 1022 3554 impositio
1038 3475 1139 3552 porni-

40 3611 45 3618 Π
123 3545 242 3616 tentiae,
257 3565 323 3622 quae
336 3552 373 3610 ad
390 3553 469 3614 idem
482 3555 630 3632 J'udieinnr
648 3558 787 3636 pertinet.
