<?xml version="1.0" encoding="UTF-8"?>
<!DOCTYPE html PUBLIC "-//W3C//DTD XHTML 1.0 Transitional//EN"
    "http://www.w3.org/TR/xhtml1/DTD/xhtml1-transitional.dtd">
<html xmlns="http://www.w3.org/1999/xhtml" xml:lang="en" lang="en">
 <head>
  <title>
</title>
<meta http-equiv="Content-Type" content="text/html;charset=utf-8" />
  <meta name='ocr-system' content='tesseract 3.04.00' />
  <meta name='ocr-capabilities' content='ocr_page ocr_carea ocr_par ocr_line ocrx_word'/>
</head>
<body>
  <div class='ocr_page' id='page_1' title='image "./theologiamorali00heilgoog_0383.png"; bbox 0 0 2450 3975; ppageno 0'>
   <div class='ocr_carea' id='block_1_1' title="bbox 105 203 1112 393">
    <p class='ocr_par' dir='ltr' id='par_1_1' title="bbox 105 203 1112 393">
     <span class='ocr_line' id='line_1_1' title="bbox 291 203 1112 301; baseline -0.002 -23"><span class='ocrx_word' id='word_1_1' title='bbox 291 217 363 297; x_wconf 85' lang='lat' dir='ltr'><strong><em>Cup.</em></strong></span> <span class='ocrx_word' id='word_1_2' title='bbox 375 203 406 275; x_wconf 77' lang='lat' dir='ltr'><strong><em>i.</em></strong></span> <span class='ocrx_word' id='word_1_3' title='bbox 422 210 466 277; x_wconf 88' lang='lat' dir='ltr'><strong><em>De</em></strong></span> <span class='ocrx_word' id='word_1_4' title='bbox 480 210 668 294; x_wconf 72' lang='lat' dir='ltr'><strong><em>rotcfhssione.</em></strong></span> <span class='ocrx_word' id='word_1_5' title='bbox 683 211 763 276; x_wconf 77' lang='lat' dir='ltr'><strong><em>unt.</em></strong></span> <span class='ocrx_word' id='word_1_6' title='bbox 777 216 807 275; x_wconf 76' lang='grc'><strong>5.</strong></span> <span class='ocrx_word' id='word_1_7' title='bbox 822 216 885 277; x_wconf 80' lang='lat' dir='ltr'><strong><em>Art.</em></strong></span> <span class='ocrx_word' id='word_1_8' title='bbox 901 218 930 276; x_wconf 87' lang='lat' dir='ltr'><strong><em>l.</em></strong></span> <span class='ocrx_word' id='word_1_9' title='bbox 1039 214 1112 301; x_wconf 11' lang='lat' dir='ltr'><strong><em>‘stt</em></strong></span> 
     </span>
     <span class='ocr_line' id='line_1_2' title="bbox 105 311 1112 393; baseline -0.002 -18"><span class='ocrx_word' id='word_1_10' title='bbox 105 346 119 375; x_wconf 90' lang='grc' dir='ltr'><strong><em>ιι</em></strong></span> <span class='ocrx_word' id='word_1_11' title='bbox 145 322 245 379; x_wconf 88' lang='lat' dir='ltr'><strong><em>tamen</em></strong></span> <span class='ocrx_word' id='word_1_12' title='bbox 265 316 377 377; x_wconf 82' lang='lat' dir='ltr'><strong><em>Suorez</em></strong></span> <span class='ocrx_word' id='word_1_13' title='bbox 399 314 539 392; x_wconf 87' lang='lat' dir='ltr'><strong><em>reprobat</em></strong></span> <span class='ocrx_word' id='word_1_14' title='bbox 562 311 591 373; x_wconf 94' lang='lat' dir='ltr'><strong><em>in</em></strong></span> <span class='ocrx_word' id='word_1_15' title='bbox 618 314 847 375; x_wconf 78' lang='lat' dir='ltr'><strong>confessionibus</strong></span> <span class='ocrx_word' id='word_1_16' title='bbox 871 315 966 393; x_wconf 84' lang='lat' dir='ltr'><strong><em>longis</em></strong></span> <span class='ocrx_word' id='word_1_17' title='bbox 987 313 1112 393; x_wconf 81' lang='lat' dir='ltr'><strong><em>diligen-</em></strong></span> 
     </span>
    </p>
   </div>
   <div class='ocr_carea' id='block_1_2' title="bbox 40 397 1112 1655">
    <p class='ocr_par' dir='ltr' id='par_1_2' title="bbox 40 397 1112 1655">
     <span class='ocr_line' id='line_1_3' title="bbox 105 397 1112 478; baseline 0 -20"><span class='ocrx_word' id='word_1_18' title='bbox 105 432 119 458; x_wconf 79' lang='grc' dir='ltr'><strong><em>ιι</em></strong></span> <span class='ocrx_word' id='word_1_19' title='bbox 144 405 279 475; x_wconf 90' lang='lat' dir='ltr'><strong><em>tiorum,</em></strong></span> <span class='ocrx_word' id='word_1_20' title='bbox 305 398 341 461; x_wconf 81' lang='lat' dir='ltr'><strong><em>eb</em></strong></span> <span class='ocrx_word' id='word_1_21' title='bbox 366 398 446 478; x_wconf 77' lang='lat' dir='ltr'><strong><em>quud</em></strong></span> <span class='ocrx_word' id='word_1_22' title='bbox 470 398 651 475; x_wconf 87' lang='lat' dir='ltr'><strong><em>impossibile</em></strong></span> <span class='ocrx_word' id='word_1_23' title='bbox 676 397 738 459; x_wconf 73' lang='lat' dir='ltr'><strong><em>ieri</em></strong></span> <span class='ocrx_word' id='word_1_24' title='bbox 760 400 819 471; x_wconf 87' lang='lat' dir='ltr'><strong><em>sit,</em></strong></span> <span class='ocrx_word' id='word_1_25' title='bbox 845 408 880 460; x_wconf 92' lang='lat' dir='ltr'><strong><em>ut</em></strong></span> <span class='ocrx_word' id='word_1_26' title='bbox 901 402 967 478; x_wconf 89' lang='lat' dir='ltr'><strong><em>quis</em></strong></span> <span class='ocrx_word' id='word_1_27' title='bbox 991 399 1112 477; x_wconf 78' lang='lat' dir='ltr'><strong><em>repenti</em></strong></span> 
     </span>
     <span class='ocr_line' id='line_1_4' title="bbox 103 480 1106 565; baseline -0.006 -18"><span class='ocrx_word' id='word_1_28' title='bbox 103 512 118 541; x_wconf 77' lang='grc' dir='ltr'><strong>ι</strong></span> <span class='ocrx_word' id='word_1_29' title='bbox 143 494 262 565; x_wconf 86' lang='lat' dir='ltr'><strong><em>rogatus</em></strong></span> <span class='ocrx_word' id='word_1_30' title='bbox 274 483 373 544; x_wconf 89' lang='lat' dir='ltr'><strong><em>omnia</em></strong></span> <span class='ocrx_word' id='word_1_31' title='bbox 383 480 735 555; x_wconf 80' lang='lat' dir='ltr'><strong><em>recordetur3et&#39;tantiim</em></strong></span> <span class='ocrx_word' id='word_1_32' title='bbox 750 482 879 543; x_wconf 78' lang='lat' dir='ltr'><strong>admittit</strong></span> <span class='ocrx_word' id='word_1_33' title='bbox 891 484 922 543; x_wconf 91' lang='lat' dir='ltr'><strong><em>in</em></strong></span> <span class='ocrx_word' id='word_1_34' title='bbox 936 482 1076 543; x_wconf 88' lang='lat' dir='ltr'><strong><em>rudibus:</em></strong></span> <span class='ocrx_word' id='word_1_35' title='bbox 1093 507 1106 534; x_wconf 76' lang='lat' dir='ltr'><strong><em>n</em></strong></span> 
     </span>
     <span class='ocr_line' id='line_1_5' title="bbox 101 565 1109 652; baseline -0.004 -21"><span class='ocrx_word' id='word_1_36' title='bbox 101 568 238 652; x_wconf 68' lang='lat' dir='ltr'><strong><em>(adverte</em></strong></span> <span class='ocrx_word' id='word_1_37' title='bbox 256 566 288 629; x_wconf 91' lang='lat' dir='ltr'><strong><em>id</em></strong></span> <span class='ocrx_word' id='word_1_38' title='bbox 305 565 384 648; x_wconf 84' lang='lat' dir='ltr'><strong><em>quod</em></strong></span> <span class='ocrx_word' id='word_1_39' title='bbox 401 565 524 628; x_wconf 85' lang='lat' dir='ltr'><strong><em>babetur</em></strong></span> <span class='ocrx_word' id='word_1_40' title='bbox 540 565 618 625; x_wconf 85' lang='lat' dir='ltr'><strong><em>cirea</em></strong></span> <span class='ocrx_word' id='word_1_41' title='bbox 637 566 690 627; x_wconf 88' lang='lat' dir='ltr'><strong><em>boc</em></strong></span> <span class='ocrx_word' id='word_1_42' title='bbox 710 565 743 627; x_wconf 88' lang='lat' dir='ltr'><strong><em>in</em></strong></span> <span class='ocrx_word' id='word_1_43' title='bbox 757 567 871 627; x_wconf 84' lang='lat' dir='ltr'><strong><em>Coteela.</em></strong></span> <span class='ocrx_word' id='word_1_44' title='bbox 886 570 1060 648; x_wconf 75' lang='lat' dir='ltr'><strong><em>Rumpunt.</em></strong></span> <span class='ocrx_word' id='word_1_45' title='bbox 1079 568 1109 627; x_wconf 70' lang='lat' dir='ltr'><strong><em>i.</em></strong></span> 
     </span>
     <span class='ocr_line' id='line_1_6' title="bbox 102 647 1112 730; baseline -0.006 -15"><span class='ocrx_word' id='word_1_46' title='bbox 102 676 128 715; x_wconf 86' lang='lat' dir='ltr'><strong><em>c.</em></strong></span> <span class='ocrx_word' id='word_1_47' title='bbox 152 657 180 714; x_wconf 85' lang='lat' dir='ltr'><strong><em>li.</em></strong></span> <span class='ocrx_word' id='word_1_48' title='bbox 200 672 233 713; x_wconf 85' lang='lat' dir='ltr'><strong><em>n.</em></strong></span> <span class='ocrx_word' id='word_1_49' title='bbox 251 654 301 713; x_wconf 83' lang='lat'><strong><em>60.</em></strong></span> <span class='ocrx_word' id='word_1_50' title='bbox 323 652 398 711; x_wconf 86' lang='lat' dir='ltr'><strong><em>ubi:</em></strong></span> <span class='ocrx_word' id='word_1_51' title='bbox 424 648 459 710; x_wconf 89' lang='lat' dir='ltr'><strong><em>Si</em></strong></span> <span class='ocrx_word' id='word_1_52' title='bbox 478 647 610 710; x_wconf 80' lang='lat' dir='ltr'><strong><em>sacerdos</em></strong></span> <span class='ocrx_word' id='word_1_53' title='bbox 635 649 808 729; x_wconf 81' lang='lat' dir='ltr'><strong><em>hujusmodi</em></strong></span> <span class='ocrx_word' id='word_1_54' title='bbox 837 650 968 712; x_wconf 80' lang='lat' dir='ltr'><strong><em>homines</em></strong></span> <span class='ocrx_word' id='word_1_55' title='bbox 987 650 1112 730; x_wconf 79' lang='lat' dir='ltr'><strong><em>prorsus</em></strong></span> 
     </span>
     <span class='ocr_line' id='line_1_7' title="bbox 103 732 1111 818; baseline -0.004 -20"><span class='ocrx_word' id='word_1_56' title='bbox 103 739 269 818; x_wconf 86' lang='lat' dir='ltr'><strong><em>imparatos</em></strong></span> <span class='ocrx_word' id='word_1_57' title='bbox 281 733 461 817; x_wconf 78' lang='lat' dir='ltr'><strong><em>cognouerit,</em></strong></span> <span class='ocrx_word' id='word_1_58' title='bbox 473 732 696 795; x_wconf 78' lang='lat' dir='ltr'><strong><em>humanissimis</em></strong></span> <span class='ocrx_word' id='word_1_59' title='bbox 709 734 804 796; x_wconf 85' lang='lat' dir='ltr'><strong><em>uerbis</em></strong></span> <span class='ocrx_word' id='word_1_60' title='bbox 817 737 837 795; x_wconf 88' lang='lat' dir='ltr'><strong><em>d</em></strong></span> <span class='ocrx_word' id='word_1_61' title='bbox 851 753 880 797; x_wconf 94' lang='lat' dir='ltr'><strong><em>se</em></strong></span> <span class='ocrx_word' id='word_1_62' title='bbox 892 734 1036 810; x_wconf 75' lang='lat' dir='ltr'><strong>demittet,</strong></span> <span class='ocrx_word' id='word_1_63' title='bbox 1048 733 1111 794; x_wconf 87' lang='lat' dir='ltr'><strong><em>bor·</em></strong></span> 
     </span>
     <span class='ocr_line' id='line_1_8' title="bbox 104 816 1109 901; baseline -0.006 -19"><span class='ocrx_word' id='word_1_64' title='bbox 104 822 288 901; x_wconf 80' lang='lat' dir='ltr'><strong><em>tabiturque,</em></strong></span> <span class='ocrx_word' id='word_1_65' title='bbox 302 818 388 880; x_wconf 85' lang='lat' dir='ltr'><strong><em>atad</em></strong></span> <span class='ocrx_word' id='word_1_66' title='bbox 399 817 555 897; x_wconf 80' lang='lat' dir='ltr'><strong><em>cogitanda</em></strong></span> <span class='ocrx_word' id='word_1_67' title='bbox 566 826 685 899; x_wconf 88' lang='lat' dir='ltr'><strong><em>peecata</em></strong></span> <span class='ocrx_word' id='word_1_68' title='bbox 695 816 818 899; x_wconf 86' lang='lat' dir='ltr'><strong><em>aliquod</em></strong></span> <span class='ocrx_word' id='word_1_69' title='bbox 828 818 959 899; x_wconf 88' lang='lat' dir='ltr'><strong><em>spatium</em></strong></span> <span class='ocrx_word' id='word_1_70' title='bbox 973 825 1109 889; x_wconf 77' lang='lat' dir='ltr'><strong><em>samarit,</em></strong></span> 
     </span>
     <span class='ocr_line' id='line_1_9' title="bbox 101 900 1112 983; baseline -0.005 -18"><span class='ocrx_word' id='word_1_71' title='bbox 101 923 139 966; x_wconf 87' lang='lat' dir='ltr'><strong><em>ae</em></strong></span> <span class='ocrx_word' id='word_1_72' title='bbox 154 902 257 965; x_wconf 88' lang='lat' dir='ltr'><strong><em>deinde</em></strong></span> <span class='ocrx_word' id='word_1_73' title='bbox 273 900 567 977; x_wconf 82' lang='lat' dir='ltr'><strong><em>rmertuntur.&#39;Qudd</em></strong></span> <span class='ocrx_word' id='word_1_74' title='bbox 583 901 612 963; x_wconf 89' lang='lat' dir='ltr'><strong><em>si</em></strong></span> <span class='ocrx_word' id='word_1_75' title='bbox 626 900 704 983; x_wconf 72' lang='lat' dir='ltr'><strong><em>fhrtt</em></strong></span> <span class='ocrx_word' id='word_1_76' title='bbox 720 901 938 983; x_wconf 80' lang='lat' dir='ltr'><strong><em>affirmaverint</em></strong></span> <span class='ocrx_word' id='word_1_77' title='bbox 951 919 981 963; x_wconf 89' lang='lat' dir='ltr'><strong><em>se</em></strong></span> <span class='ocrx_word' id='word_1_78' title='bbox 996 901 1030 960; x_wconf 87' lang='lat' dir='ltr'><strong><em>in</em></strong></span> <span class='ocrx_word' id='word_1_79' title='bbox 1045 920 1112 961; x_wconf 79' lang='lat' dir='ltr'><strong><em>eoin</em></strong></span> 
     </span>
     <span class='ocr_line' id='line_1_10' title="bbox 40 983 1112 1067; baseline -0.005 -17"><span class='ocrx_word' id='word_1_80' title='bbox 40 990 44 999; x_wconf 90' lang='lat'>&#39;</span> <span class='ocrx_word' id='word_1_81' title='bbox 101 1006 167 1050; x_wconf 85' lang='lat' dir='ltr'><strong><em>rem</em></strong></span> <span class='ocrx_word' id='word_1_82' title='bbox 191 1005 276 1049; x_wconf 78' lang='lat' dir='ltr'><strong><em>cuine</em></strong></span> <span class='ocrx_word' id='word_1_83' title='bbox 299 986 432 1049; x_wconf 87' lang='lat' dir='ltr'><strong><em>stadium</em></strong></span> <span class='ocrx_word' id='word_1_84' title='bbox 456 983 633 1059; x_wconf 77' lang='lat' dir='ltr'><strong><em>contulisse,</em></strong></span> <span class='ocrx_word' id='word_1_85' title='bbox 654 990 796 1067; x_wconf 84' lang='lat' dir='ltr'><strong><em>quoniam</em></strong></span> <span class='ocrx_word' id='word_1_86' title='bbox 817 986 960 1049; x_wconf 76' lang='lat' dir='ltr'><strong><em>aaardoti</em></strong></span> <span class='ocrx_word' id='word_1_87' title='bbox 981 986 1112 1046; x_wconf 77' lang='lat' dir='ltr'><strong><em>manime</em></strong></span> 
     </span>
     <span class='ocr_line' id='line_1_11' title="bbox 100 1066 1111 1150; baseline -0.005 -17"><span class='ocrx_word' id='word_1_88' title='bbox 100 1070 262 1133; x_wconf 87' lang='lat' dir='ltr'><strong><em>uerendum</em></strong></span> <span class='ocrx_word' id='word_1_89' title='bbox 281 1079 343 1145; x_wconf 86' lang='lat' dir='ltr'><strong><em>est,</em></strong></span> <span class='ocrx_word' id='word_1_90' title='bbox 359 1088 396 1131; x_wconf 87' lang='lat' dir='ltr'><strong><em>ne</em></strong></span> <span class='ocrx_word' id='word_1_91' title='bbox 413 1066 501 1131; x_wconf 84' lang='lat' dir='ltr'><strong><em>aunei</em></strong></span> <span class='ocrx_word' id='word_1_92' title='bbox 520 1068 638 1130; x_wconf 76' lang='lat' dir='ltr'><strong><em>dimissi</em></strong></span> <span class='ocrx_word' id='word_1_93' title='bbox 656 1067 787 1150; x_wconf 77' lang='lat' dir='ltr'><strong><em>amplius</em></strong></span> <span class='ocrx_word' id='word_1_94' title='bbox 800 1089 861 1132; x_wconf 85' lang='lat' dir='ltr'><strong><em>non</em></strong></span> <span class='ocrx_word' id='word_1_95' title='bbox 874 1070 1010 1146; x_wconf 75' lang='lat' dir='ltr'><strong><em>redeant,</em></strong></span> <span class='ocrx_word' id='word_1_96' title='bbox 1023 1067 1111 1129; x_wconf 88' lang='lat' dir='ltr'><strong><em>audi·</em></strong></span> 
     </span>
     <span class='ocr_line' id='line_1_12' title="bbox 101 1151 1112 1238; baseline -0.002 -23"><span class='ocrx_word' id='word_1_97' title='bbox 101 1154 175 1216; x_wconf 85' lang='lat' dir='ltr'><strong><em>endi</em></strong></span> <span class='ocrx_word' id='word_1_98' title='bbox 191 1154 474 1238; x_wconf 85' lang='lat' dir='ltr'><strong><em>erunt,proesertim</em></strong></span> <span class='ocrx_word' id='word_1_99' title='bbox 493 1153 522 1214; x_wconf 87' lang='lat' dir='ltr'><strong><em>si</em></strong></span> <span class='ocrx_word' id='word_1_100' title='bbox 541 1151 731 1213; x_wconf 81' lang='lat' dir='ltr'><strong><em>emendando·</em></strong></span> <span class='ocrx_word' id='word_1_101' title='bbox 750 1155 820 1215; x_wconf 85' lang='lat' dir='ltr'><strong><em>oitoe</em></strong></span> <span class='ocrx_word' id='word_1_102' title='bbox 839 1154 971 1215; x_wconf 85' lang='lat' dir='ltr'><strong><em>studium</em></strong></span> <span class='ocrx_word' id='word_1_103' title='bbox 989 1151 1112 1235; x_wconf 80' lang='lat' dir='ltr'><strong><em>aliquod</em></strong></span> 
     </span>
     <span class='ocr_line' id='line_1_13' title="bbox 99 1234 1112 1320; baseline 0 -23"><span class='ocrx_word' id='word_1_104' title='bbox 99 1254 165 1319; x_wconf 82' lang='lat' dir='ltr'><strong><em>pra</em></strong></span> <span class='ocrx_word' id='word_1_105' title='bbox 177 1238 333 1320; x_wconf 81' lang='lat' dir='ltr'><strong><em>cessrunt,</em></strong></span> <span class='ocrx_word' id='word_1_106' title='bbox 346 1237 509 1317; x_wconf 86' lang='lat' dir='ltr'><strong><em>addueique</em></strong></span> <span class='ocrx_word' id='word_1_107' title='bbox 520 1236 651 1318; x_wconf 79' lang='lat' dir='ltr'><strong><em>possint,</em></strong></span> <span class='ocrx_word' id='word_1_108' title='bbox 663 1244 699 1297; x_wconf 87' lang='lat' dir='ltr'><strong><em>ut</em></strong></span> <span class='ocrx_word' id='word_1_109' title='bbox 707 1234 915 1318; x_wconf 75' lang='lat' dir='ltr'><strong><em>negligentiam</em></strong></span> <span class='ocrx_word' id='word_1_110' title='bbox 926 1256 1012 1299; x_wconf 89' lang='lat' dir='ltr'><strong><em>suom</em></strong></span> <span class='ocrx_word' id='word_1_111' title='bbox 1025 1256 1112 1298; x_wconf 87' lang='lat' dir='ltr'><strong><em>oceu-</em></strong></span> 
     </span>
     <span class='ocr_line' id='line_1_14' title="bbox 100 1320 1112 1406; baseline -0.004 -21"><span class='ocrx_word' id='word_1_112' title='bbox 100 1332 186 1401; x_wconf 80' lang='lat' dir='ltr'><strong><em>aent,</em></strong></span> <span class='ocrx_word' id='word_1_113' title='bbox 200 1343 291 1406; x_wconf 84' lang='lat' dir='ltr'><strong><em>quam</em></strong></span> <span class='ocrx_word' id='word_1_114' title='bbox 305 1342 335 1385; x_wconf 85' lang='lat' dir='ltr'><strong><em>se</em></strong></span> <span class='ocrx_word' id='word_1_115' title='bbox 354 1320 415 1383; x_wconf 86' lang='lat' dir='ltr'><strong><em>alio</em></strong></span> <span class='ocrx_word' id='word_1_116' title='bbox 434 1330 560 1401; x_wconf 88' lang='lat' dir='ltr'><strong><em>tempore</em></strong></span> <span class='ocrx_word' id='word_1_117' title='bbox 577 1326 717 1383; x_wconf 85' lang='lat' dir='ltr'><strong><em>occuratd</em></strong></span> <span class='ocrx_word' id='word_1_118' title='bbox 738 1322 926 1384; x_wconf 83' lang='lat' dir='ltr'><strong><em>meditatione</em></strong></span> <span class='ocrx_word' id='word_1_119' title='bbox 942 1340 1112 1403; x_wconf 81' lang='lat' dir='ltr'><strong><em>compensa-</em></strong></span> 
     </span>
     <span class='ocr_line' id='line_1_15' title="bbox 102 1406 1108 1489; baseline 0 -22"><span class='ocrx_word' id='word_1_120' title='bbox 102 1415 186 1487; x_wconf 80' lang='lat' dir='ltr'><strong><em>turus</em></strong></span> <span class='ocrx_word' id='word_1_121' title='bbox 202 1407 404 1489; x_wconf 86' lang='lat' dir='ltr'><strong><em>promittant.)</em></strong></span> <span class='ocrx_word' id='word_1_122' title='bbox 421 1432 434 1461; x_wconf 85' lang='grc' dir='ltr'><strong><em>ιι</em></strong></span> <span class='ocrx_word' id='word_1_123' title='bbox 450 1424 525 1484; x_wconf 90' lang='lat' dir='ltr'><strong><em>quos</em></strong></span> <span class='ocrx_word' id='word_1_124' title='bbox 545 1407 635 1466; x_wconf 85' lang='lat' dir='ltr'><strong><em>etism</em></strong></span> <span class='ocrx_word' id='word_1_125' title='bbox 653 1413 757 1467; x_wconf 90' lang='lat' dir='ltr'><strong><em>monet</em></strong></span> <span class='ocrx_word' id='word_1_126' title='bbox 769 1409 828 1481; x_wconf 85' lang='lat' dir='ltr'><strong><em>So,</em></strong></span> <span class='ocrx_word' id='word_1_127' title='bbox 847 1406 925 1469; x_wconf 83' lang='lat' dir='ltr'><strong><em>verb.</em></strong></span> <span class='ocrx_word' id='word_1_128' title='bbox 939 1406 1108 1484; x_wconf 84' lang='lat' dir='ltr'><strong><em>Confessio,</em></strong></span> 
     </span>
     <span class='ocr_line' id='line_1_16' title="bbox 99 1490 1109 1570; baseline -0.001 -19"><span class='ocrx_word' id='word_1_129' title='bbox 99 1515 115 1545; x_wconf 77' lang='lat' dir='ltr'><strong><em>a</em></strong></span> <span class='ocrx_word' id='word_1_130' title='bbox 139 1492 216 1570; x_wconf 82' lang='lat' dir='ltr'><strong><em>band</em></strong></span> <span class='ocrx_word' id='word_1_131' title='bbox 236 1492 295 1553; x_wconf 87' lang='lat' dir='ltr'><strong><em>fide</em></strong></span> <span class='ocrx_word' id='word_1_132' title='bbox 312 1492 456 1553; x_wconf 79' lang='lat' dir='ltr'><strong><em>confessos</em></strong></span> <span class='ocrx_word' id='word_1_133' title='bbox 474 1508 535 1551; x_wconf 91' lang='lat' dir='ltr'><strong><em>non</em></strong></span> <span class='ocrx_word' id='word_1_134' title='bbox 548 1491 638 1549; x_wconf 90' lang='lat' dir='ltr'><strong><em>nimis</em></strong></span> <span class='ocrx_word' id='word_1_135' title='bbox 653 1490 799 1568; x_wconf 75' lang='lat' dir='ltr'><strong><em>rogandos</em></strong></span> <span class='ocrx_word' id='word_1_136' title='bbox 820 1492 858 1551; x_wconf 88' lang='lat' dir='ltr'><strong><em>dc</em></strong></span> <span class='ocrx_word' id='word_1_137' title='bbox 878 1491 1109 1551; x_wconf 81' lang='lat' dir='ltr'><strong><em>confessionibus</em></strong></span> 
     </span>
     <span class='ocr_line' id='line_1_17' title="bbox 102 1574 1108 1655; baseline -0.002 -18"><span class='ocrx_word' id='word_1_138' title='bbox 102 1602 115 1630; x_wconf 78' lang='grc' dir='ltr'><strong>ι</strong></span> <span class='ocrx_word' id='word_1_139' title='bbox 140 1578 317 1655; x_wconf 79' lang='lat' dir='ltr'><strong><em>praeteritis,</em></strong></span> <span class='ocrx_word' id='word_1_140' title='bbox 334 1577 391 1636; x_wconf 91' lang='lat' dir='ltr'><strong><em>nisi</em></strong></span> <span class='ocrx_word' id='word_1_141' title='bbox 416 1576 599 1653; x_wconf 78' lang='lat' dir='ltr'><strong><em>intelligatur</em></strong></span> <span class='ocrx_word' id='word_1_142' title='bbox 619 1574 733 1653; x_wconf 87' lang='lat' dir='ltr'><strong><em>aliquid</em></strong></span> <span class='ocrx_word' id='word_1_143' title='bbox 755 1579 950 1637; x_wconf 78' lang='lat' dir='ltr'><strong><em>necessarium</em></strong></span> <span class='ocrx_word' id='word_1_144' title='bbox 972 1576 1108 1637; x_wconf 81' lang='lat' dir='ltr'><strong><em>defuisse.</em></strong></span> 
     </span>
    </p>
   </div>
   <div class='ocr_carea' id='block_1_3' title="bbox 99 1658 1133 1743">
    <p class='ocr_par' dir='ltr' id='par_1_3' title="bbox 99 1658 1133 1743">
     <span class='ocr_line' id='line_1_18' title="bbox 99 1658 1133 1743; baseline 0.005 -26"><span class='ocrx_word' id='word_1_145' title='bbox 99 1682 115 1717; x_wconf 90' lang='grc' dir='ltr'><strong><em>ιι</em></strong></span> <span class='ocrx_word' id='word_1_146' title='bbox 145 1660 217 1724; x_wconf 83' lang='lat' dir='ltr'><strong><em>Vide</em></strong></span> <span class='ocrx_word' id='word_1_147' title='bbox 227 1658 465 1743; x_wconf 81' lang='lat' dir='ltr'><strong><em>Fopuud.Dian.</em></strong></span> <span class='ocrx_word' id='word_1_148' title='bbox 474 1662 579 1741; x_wconf 75' lang='lat' dir='ltr'><strong><em>pan.</em></strong></span> <span class='ocrx_word' id='word_1_149' title='bbox 587 1660 617 1720; x_wconf 78' lang='lat' dir='ltr'><strong><em>b.</em></strong></span> <span class='ocrx_word' id='word_1_150' title='bbox 626 1678 653 1721; x_wconf 85' lang='lat' dir='ltr'><strong><em>r.</em></strong></span> <span class='ocrx_word' id='word_1_151' title='bbox 665 1662 715 1721; x_wconf 83' lang='grc'><strong>89.</strong></span> <span class='ocrx_word' id='word_1_152' title='bbox 727 1686 741 1717; x_wconf 84' lang='grc' dir='ltr'><strong>ι</strong></span> <span class='ocrx_word' id='word_1_153' title='bbox 755 1660 843 1739; x_wconf 85' lang='lat' dir='ltr'><strong><em>(Vide</em></strong></span> <span class='ocrx_word' id='word_1_154' title='bbox 854 1660 1016 1724; x_wconf 77' lang='lat' dir='ltr'><strong><em>dicendam</em></strong></span> <span class='ocrx_word' id='word_1_155' title='bbox 1028 1662 1109 1741; x_wconf 78' lang='lat' dir='ltr'><strong><em>tot.)</em></strong></span> <span class='ocrx_word' id='word_1_156' title='bbox 1128 1678 1133 1691; x_wconf 93' lang='grc'><em>·</em></span> 
     </span>
    </p>
   </div>
   <div class='ocr_carea' id='block_1_4' title="bbox 94 1768 1110 2622">
    <p class='ocr_par' dir='ltr' id='par_1_4' title="bbox 97 1768 1110 2270">
     <span class='ocr_line' id='line_1_19' title="bbox 144 1768 1109 1845; baseline -0.002 -16"><span class='ocrx_word' id='word_1_157' title='bbox 144 1792 158 1821; x_wconf 84' lang='grc' dir='ltr'><strong>ι</strong></span> <span class='ocrx_word' id='word_1_158' title='bbox 178 1770 206 1829; x_wconf 81' lang='grc'><strong>5.</strong></span> <span class='ocrx_word' id='word_1_159' title='bbox 227 1770 295 1830; x_wconf 90' lang='lat' dir='ltr'><strong><em>Nou</em></strong></span> <span class='ocrx_word' id='word_1_160' title='bbox 315 1777 359 1829; x_wconf 89' lang='lat' dir='ltr'><strong><em>est</em></strong></span> <span class='ocrx_word' id='word_1_161' title='bbox 375 1768 572 1828; x_wconf 88' lang='lat' dir='ltr'><strong><em>necessarium</em></strong></span> <span class='ocrx_word' id='word_1_162' title='bbox 594 1775 710 1845; x_wconf 89' lang='lat' dir='ltr'><strong><em>peccata</em></strong></span> <span class='ocrx_word' id='word_1_163' title='bbox 732 1769 881 1843; x_wconf 84' lang='lat' dir='ltr'><strong><em>scribere,</em></strong></span> <span class='ocrx_word' id='word_1_164' title='bbox 904 1787 943 1829; x_wconf 85' lang='lat' dir='ltr'><strong><em>nc</em></strong></span> <span class='ocrx_word' id='word_1_165' title='bbox 967 1768 1109 1828; x_wconf 77' lang='lat' dir='ltr'><strong><em>memorii</em></strong></span> 
     </span>
     <span class='ocr_line' id='line_1_20' title="bbox 98 1850 1109 1934; baseline 0.005 -25"><span class='ocrx_word' id='word_1_166' title='bbox 98 1878 113 1909; x_wconf 87' lang='grc' dir='ltr'><strong><em>ιι</em></strong></span> <span class='ocrx_word' id='word_1_167' title='bbox 138 1854 293 1925; x_wconf 82' lang='lat' dir='ltr'><strong><em>excidant,</em></strong></span> <span class='ocrx_word' id='word_1_168' title='bbox 316 1862 351 1915; x_wconf 90' lang='lat' dir='ltr'><strong><em>ut</em></strong></span> <span class='ocrx_word' id='word_1_169' title='bbox 370 1863 471 1915; x_wconf 84' lang='lat' dir='ltr'><strong><em>contra</em></strong></span> <span class='ocrx_word' id='word_1_170' title='bbox 489 1854 569 1913; x_wconf 90' lang='lat' dir='ltr'><strong><em>Bon.</em></strong></span> <span class='ocrx_word' id='word_1_171' title='bbox 588 1852 696 1912; x_wconf 88' lang='lat' dir='ltr'><strong><em>docent</em></strong></span> <span class='ocrx_word' id='word_1_172' title='bbox 713 1852 902 1934; x_wconf 70' lang='lat' dir='ltr'><strong><em>Suamllosq.</em></strong></span> <span class='ocrx_word' id='word_1_173' title='bbox 916 1850 1023 1913; x_wconf 86' lang='lat' dir='ltr'><strong><em>etalii.</em></strong></span> <span class='ocrx_word' id='word_1_174' title='bbox 1044 1850 1109 1914; x_wconf 87' lang='lat' dir='ltr'><strong><em>lmb</em></strong></span> 
     </span>
     <span class='ocr_line' id='line_1_21' title="bbox 98 1936 1108 2017; baseline -0.001 -18"><span class='ocrx_word' id='word_1_175' title='bbox 98 1964 113 1992; x_wconf 75' lang='lat' dir='ltr'><strong><em>s</em></strong></span> <span class='ocrx_word' id='word_1_176' title='bbox 138 1939 227 2000; x_wconf 82' lang='lat' dir='ltr'><strong><em>Solus</em></strong></span> <span class='ocrx_word' id='word_1_177' title='bbox 248 1938 320 2000; x_wconf 89' lang='lat' dir='ltr'><strong><em>dicit</em></strong></span> <span class='ocrx_word' id='word_1_178' title='bbox 340 1938 370 2000; x_wconf 92' lang='lat' dir='ltr'><strong><em>id</em></strong></span> <span class='ocrx_word' id='word_1_179' title='bbox 393 1955 455 1998; x_wconf 93' lang='lat' dir='ltr'><strong><em>non</em></strong></span> <span class='ocrx_word' id='word_1_180' title='bbox 477 1936 713 2010; x_wconf 88' lang='lat' dir='ltr'><strong><em>consulendum,</em></strong></span> <span class='ocrx_word' id='word_1_181' title='bbox 737 1936 776 1998; x_wconf 90' lang='lat' dir='ltr'><strong><em>ob</em></strong></span> <span class='ocrx_word' id='word_1_182' title='bbox 799 1938 965 2017; x_wconf 89' lang='lat' dir='ltr'><strong><em>periculum</em></strong></span> <span class='ocrx_word' id='word_1_183' title='bbox 990 1938 1108 2016; x_wconf 82' lang='lat' dir='ltr'><strong><em>avulga-</em></strong></span> 
     </span>
     <span class='ocr_line' id='line_1_22' title="bbox 98 2019 1110 2102; baseline 0.008 -26"><span class='ocrx_word' id='word_1_184' title='bbox 98 2048 112 2076; x_wconf 82' lang='grc' dir='ltr'><strong><em>ιι</em></strong></span> <span class='ocrx_word' id='word_1_185' title='bbox 139 2023 237 2083; x_wconf 85' lang='lat' dir='ltr'><strong><em>tionis.</em></strong></span> <span class='ocrx_word' id='word_1_186' title='bbox 253 2021 357 2084; x_wconf 83' lang='lat' dir='ltr'><strong><em>ldcliiis</em></strong></span> <span class='ocrx_word' id='word_1_187' title='bbox 372 2031 471 2082; x_wconf 90' lang='lat' dir='ltr'><strong><em>tamen</em></strong></span> <span class='ocrx_word' id='word_1_188' title='bbox 484 2024 590 2102; x_wconf 72' lang='lat' dir='ltr'><strong><em>topia.</em></strong></span> <span class='ocrx_word' id='word_1_189' title='bbox 607 2021 713 2082; x_wconf 85' lang='lat' dir='ltr'><strong><em>Gonia.</em></strong></span> <span class='ocrx_word' id='word_1_190' title='bbox 727 2030 756 2082; x_wconf 91' lang='lat' dir='ltr'><strong><em>et</em></strong></span> <span class='ocrx_word' id='word_1_191' title='bbox 766 2019 824 2082; x_wconf 88' lang='lat' dir='ltr'><strong><em>olii</em></strong></span> <span class='ocrx_word' id='word_1_192' title='bbox 834 2032 967 2084; x_wconf 87' lang='lat' dir='ltr'><strong><em>asserunt</em></strong></span> <span class='ocrx_word' id='word_1_193' title='bbox 984 2024 1110 2084; x_wconf 90' lang='lat' dir='ltr'><strong><em>suaden-</em></strong></span> 
     </span>
     <span class='ocr_line' id='line_1_23' title="bbox 97 2105 1107 2187; baseline 0.008 -25"><span class='ocrx_word' id='word_1_194' title='bbox 97 2132 112 2162; x_wconf 88' lang='grc' dir='ltr'><strong><em>ιι</em></strong></span> <span class='ocrx_word' id='word_1_195' title='bbox 138 2105 211 2166; x_wconf 92' lang='lat' dir='ltr'><strong><em>dum</em></strong></span> <span class='ocrx_word' id='word_1_196' title='bbox 228 2125 307 2182; x_wconf 84' lang='lat' dir='ltr'><strong><em>esse,</em></strong></span> <span class='ocrx_word' id='word_1_197' title='bbox 323 2105 486 2167; x_wconf 85' lang='lat' dir='ltr'><strong><em>dummodd</em></strong></span> <span class='ocrx_word' id='word_1_198' title='bbox 501 2109 611 2167; x_wconf 88' lang='lat' dir='ltr'><strong><em>vitetur</em></strong></span> <span class='ocrx_word' id='word_1_199' title='bbox 625 2107 755 2168; x_wconf 78' lang='lat' dir='ltr'><strong><em>anxietas</em></strong></span> <span class='ocrx_word' id='word_1_200' title='bbox 767 2109 875 2183; x_wconf 88' lang='lat' dir='ltr'><strong><em>nimia,</em></strong></span> <span class='ocrx_word' id='word_1_201' title='bbox 885 2115 1007 2187; x_wconf 81' lang='lat' dir='ltr'><strong><em>proptor</em></strong></span> <span class='ocrx_word' id='word_1_202' title='bbox 1018 2126 1107 2186; x_wconf 89' lang='lat' dir='ltr'><strong><em>quam</em></strong></span> 
     </span>
     <span class='ocr_line' id='line_1_24' title="bbox 97 2188 918 2270; baseline 0.004 -23"><span class='ocrx_word' id='word_1_203' title='bbox 97 2206 111 2247; x_wconf 81' lang='lat' dir='ltr'><strong><em>n</em></strong></span> <span class='ocrx_word' id='word_1_204' title='bbox 137 2191 317 2270; x_wconf 84' lang='lat' dir='ltr'><strong><em>scrupulosis</em></strong></span> <span class='ocrx_word' id='word_1_205' title='bbox 335 2189 487 2270; x_wconf 78' lang='lat' dir='ltr'><strong><em>prohibiri</em></strong></span> <span class='ocrx_word' id='word_1_206' title='bbox 509 2199 617 2268; x_wconf 90' lang='lat' dir='ltr'><strong><em>potest.</em></strong></span> <span class='ocrx_word' id='word_1_207' title='bbox 911 2188 918 2194; x_wconf 78' lang='grc'><strong><em>’</em></strong></span> 
     </span>
    </p>

    <p class='ocr_par' dir='ltr' id='par_1_5' title="bbox 94 2289 1107 2622">
     <span class='ocr_line' id='line_1_25' title="bbox 142 2289 1105 2370; baseline 0.004 -24"><span class='ocrx_word' id='word_1_208' title='bbox 142 2316 156 2345; x_wconf 82' lang='grc' dir='ltr'><strong>ι</strong></span> <span class='ocrx_word' id='word_1_209' title='bbox 176 2293 208 2350; x_wconf 76' lang='lat' dir='ltr'><strong><em>l.</em></strong></span> <span class='ocrx_word' id='word_1_210' title='bbox 230 2290 361 2350; x_wconf 77' lang='lat' dir='ltr'><strong><em>Invalida</em></strong></span> <span class='ocrx_word' id='word_1_211' title='bbox 384 2299 429 2351; x_wconf 88' lang='lat' dir='ltr'><strong><em>est</em></strong></span> <span class='ocrx_word' id='word_1_212' title='bbox 448 2289 589 2351; x_wconf 85' lang='lat' dir='ltr'><strong><em>consessio</em></strong></span> <span class='ocrx_word' id='word_1_213' title='bbox 616 2309 678 2351; x_wconf 92' lang='lat' dir='ltr'><strong><em>non</em></strong></span> <span class='ocrx_word' id='word_1_214' title='bbox 701 2292 837 2370; x_wconf 85' lang='lat' dir='ltr'><strong><em>integra,</em></strong></span> <span class='ocrx_word' id='word_1_215' title='bbox 859 2307 897 2351; x_wconf 86' lang='lat' dir='ltr'><strong><em>ex</em></strong></span> <span class='ocrx_word' id='word_1_216' title='bbox 921 2291 1105 2369; x_wconf 87' lang='lat' dir='ltr'><strong><em>ignorantia,</em></strong></span> 
     </span>
     <span class='ocr_line' id='line_1_26' title="bbox 94 2372 1105 2454; baseline 0 -21"><span class='ocrx_word' id='word_1_217' title='bbox 94 2403 110 2433; x_wconf 83' lang='grc' dir='ltr'><strong><em>ιι</em></strong></span> <span class='ocrx_word' id='word_1_218' title='bbox 137 2375 185 2436; x_wconf 86' lang='lat' dir='ltr'><strong><em>vel</em></strong></span> <span class='ocrx_word' id='word_1_219' title='bbox 200 2373 375 2454; x_wconf 80' lang='lat' dir='ltr'><strong><em>negligentia</em></strong></span> <span class='ocrx_word' id='word_1_220' title='bbox 389 2374 543 2434; x_wconf 84' lang='lat' dir='ltr'><strong><em>moraliter</em></strong></span> <span class='ocrx_word' id='word_1_221' title='bbox 554 2373 709 2452; x_wconf 86' lang='lat' dir='ltr'><strong><em>culpabili,</em></strong></span> <span class='ocrx_word' id='word_1_222' title='bbox 724 2384 758 2434; x_wconf 93' lang='lat' dir='ltr'><strong><em>ut</em></strong></span> <span class='ocrx_word' id='word_1_223' title='bbox 768 2372 869 2434; x_wconf 83' lang='lat' dir='ltr'><strong><em>verilis</em></strong></span> <span class='ocrx_word' id='word_1_224' title='bbox 880 2375 986 2434; x_wconf 85' lang='lat' dir='ltr'><strong><em>docent</em></strong></span> <span class='ocrx_word' id='word_1_225' title='bbox 995 2375 1105 2447; x_wconf 73' lang='lat' dir='ltr'><strong><em>Suan,</em></strong></span> 
     </span>
     <span class='ocr_line' id='line_1_27' title="bbox 97 2455 1107 2538; baseline 0.001 -20"><span class='ocrx_word' id='word_1_226' title='bbox 97 2486 111 2518; x_wconf 76' lang='grc' dir='ltr'><strong>ι</strong></span> <span class='ocrx_word' id='word_1_227' title='bbox 137 2467 165 2521; x_wconf 93' lang='lat' dir='ltr'><strong><em>et</em></strong></span> <span class='ocrx_word' id='word_1_228' title='bbox 189 2455 246 2521; x_wconf 91' lang='lat' dir='ltr'><strong><em>olii</em></strong></span> <span class='ocrx_word' id='word_1_229' title='bbox 267 2457 481 2532; x_wconf 82' lang='lat' dir='ltr'><strong><em>communiter,</em></strong></span> <span class='ocrx_word' id='word_1_230' title='bbox 503 2460 708 2536; x_wconf 74' lang='lat' dir='ltr'><strong><em>contrusus,</em></strong></span> <span class='ocrx_word' id='word_1_231' title='bbox 730 2460 799 2538; x_wconf 91' lang='lat' dir='ltr'><strong><em>quia</em></strong></span> <span class='ocrx_word' id='word_1_232' title='bbox 824 2456 956 2522; x_wconf 76' lang='lat' dir='ltr'><strong><em>Trideat.</em></strong></span> <span class='ocrx_word' id='word_1_233' title='bbox 979 2459 1107 2536; x_wconf 88' lang='lat' dir='ltr'><strong><em>requirit</em></strong></span> 
     </span>
     <span class='ocr_line' id='line_1_28' title="bbox 96 2543 413 2622; baseline 0.006 -23"><span class='ocrx_word' id='word_1_234' title='bbox 96 2569 112 2599; x_wconf 85' lang='grc' dir='ltr'><strong><em>ιι</em></strong></span> <span class='ocrx_word' id='word_1_235' title='bbox 134 2543 260 2622; x_wconf 87' lang='lat' dir='ltr'><strong><em>diligens</em></strong></span> <span class='ocrx_word' id='word_1_236' title='bbox 278 2561 413 2604; x_wconf 89' lang='lat' dir='ltr'><strong><em>examen.</em></strong></span> 
     </span>
    </p>
   </div>
   <div class='ocr_carea' id='block_1_5' title="bbox 91 2642 1138 3314">
    <p class='ocr_par' dir='ltr' id='par_1_6' title="bbox 91 2629 1138 3314">
     <span class='ocr_line' id='line_1_29' title="bbox 95 2642 1138 2732; baseline -0.006 -22"><span class='ocrx_word' id='word_1_237' title='bbox 95 2705 100 2710; x_wconf 92' lang='lat'>.</span> <span class='ocrx_word' id='word_1_238' title='bbox 141 2669 156 2700; x_wconf 83' lang='grc' dir='ltr'><strong>ι</strong></span> <span class='ocrx_word' id='word_1_239' title='bbox 176 2647 206 2706; x_wconf 79' lang='grc'><strong>5.</strong></span> <span class='ocrx_word' id='word_1_240' title='bbox 219 2645 286 2706; x_wconf 84' lang='grc' dir='ltr'><strong>Νοιι</strong></span> <span class='ocrx_word' id='word_1_241' title='bbox 302 2642 393 2704; x_wconf 86' lang='lat' dir='ltr'><strong><em>officit</em></strong></span> <span class='ocrx_word' id='word_1_242' title='bbox 411 2643 593 2722; x_wconf 84' lang='lat' dir='ltr'><strong><em>integritati,</em></strong></span> <span class='ocrx_word' id='word_1_243' title='bbox 607 2659 663 2722; x_wconf 86' lang='lat' dir='ltr'><strong><em>per</em></strong></span> <span class='ocrx_word' id='word_1_244' title='bbox 682 2660 714 2704; x_wconf 88' lang='lat' dir='ltr'><strong><em>se</em></strong></span> <span class='ocrx_word' id='word_1_245' title='bbox 725 2643 895 2721; x_wconf 89' lang='lat' dir='ltr'><strong><em>loquendo,</em></strong></span> <span class='ocrx_word' id='word_1_246' title='bbox 910 2643 935 2704; x_wconf 84' lang='lat' dir='ltr'><strong><em>si</em></strong></span> <span class='ocrx_word' id='word_1_247' title='bbox 953 2643 1020 2722; x_wconf 87' lang='lat' dir='ltr'><strong><em>quis</em></strong></span> <span class='ocrx_word' id='word_1_248' title='bbox 1036 2645 1106 2704; x_wconf 92' lang='lat' dir='ltr'><strong><em>sub-</em></strong></span> <span class='ocrx_word' id='word_1_249' title='bbox 1129 2666 1138 2732; x_wconf 55' lang='lat' dir='ltr'><strong><em>g</em></strong></span> 
     </span>
     <span class='ocr_line' id='line_1_30' title="bbox 93 2726 1134 2806; baseline 0.002 -18"><span class='ocrx_word' id='word_1_250' title='bbox 93 2757 109 2788; x_wconf 86' lang='grc' dir='ltr'><strong><em>ιι</em></strong></span> <span class='ocrx_word' id='word_1_251' title='bbox 135 2728 206 2802; x_wconf 87' lang='lat' dir='ltr'><strong><em>iude</em></strong></span> <span class='ocrx_word' id='word_1_252' title='bbox 226 2726 345 2806; x_wconf 80' lang='lat' dir='ltr'><strong><em>gravius</em></strong></span> <span class='ocrx_word' id='word_1_253' title='bbox 366 2729 482 2806; x_wconf 89' lang='lat' dir='ltr'><strong><em>lapsus,</em></strong></span> <span class='ocrx_word' id='word_1_254' title='bbox 497 2729 528 2788; x_wconf 90' lang='lat' dir='ltr'><strong><em>id</em></strong></span> <span class='ocrx_word' id='word_1_255' title='bbox 547 2729 633 2790; x_wconf 88' lang='lat' dir='ltr'><strong><em>alteri</em></strong></span> <span class='ocrx_word' id='word_1_256' title='bbox 651 2726 735 2806; x_wconf 83' lang='lat' dir='ltr'><strong><em>prius</em></strong></span> <span class='ocrx_word' id='word_1_257' title='bbox 751 2727 943 2800; x_wconf 78' lang='lat' dir='ltr'><strong><em>confiteatur,</em></strong></span> <span class='ocrx_word' id='word_1_258' title='bbox 956 2736 986 2788; x_wconf 89' lang='lat' dir='ltr'><strong><em>et</em></strong></span> <span class='ocrx_word' id='word_1_259' title='bbox 999 2727 1106 2790; x_wconf 88' lang='lat' dir='ltr'><strong><em>dcindc</em></strong></span> <span class='ocrx_word' id='word_1_260' title='bbox 1132 2794 1134 2801; x_wconf 59' lang='grc'><strong>,</strong></span> 
     </span>
     <span class='ocr_line' id='line_1_31' title="bbox 94 2811 1107 2892; baseline 0.003 -20"><span class='ocrx_word' id='word_1_261' title='bbox 94 2842 109 2872; x_wconf 88' lang='grc' dir='ltr'><strong>ι</strong></span> <span class='ocrx_word' id='word_1_262' title='bbox 136 2813 288 2875; x_wconf 87' lang='lat' dir='ltr'><strong><em>ordinario</em></strong></span> <span class='ocrx_word' id='word_1_263' title='bbox 309 2830 363 2872; x_wconf 89' lang='lat' dir='ltr'><strong><em>suo</em></strong></span> <span class='ocrx_word' id='word_1_264' title='bbox 381 2811 507 2874; x_wconf 88' lang='lat' dir='ltr'><strong><em>venialia</em></strong></span> <span class='ocrx_word' id='word_1_265' title='bbox 526 2812 643 2873; x_wconf 84' lang='lat' dir='ltr'><strong><em>tantdm</em></strong></span> <span class='ocrx_word' id='word_1_266' title='bbox 666 2813 729 2889; x_wconf 86' lang='lat' dir='ltr'><strong><em>(qui</em></strong></span> <span class='ocrx_word' id='word_1_267' title='bbox 751 2811 956 2889; x_wconf 87' lang='lat' dir='ltr'><strong><em>imprudenter</em></strong></span> <span class='ocrx_word' id='word_1_268' title='bbox 975 2813 1008 2873; x_wconf 93' lang='lat' dir='ltr'><strong><em>id</em></strong></span> <span class='ocrx_word' id='word_1_269' title='bbox 1030 2813 1107 2892; x_wconf 77' lang='lat' dir='ltr'><strong><em>aegri</em></strong></span> 
     </span>
     <span class='ocr_line' id='line_1_32' title="bbox 95 2893 1133 2974; baseline 0.006 -22"><span class='ocrx_word' id='word_1_270' title='bbox 95 2923 108 2952; x_wconf 79' lang='grc' dir='ltr'><strong>ι</strong></span> <span class='ocrx_word' id='word_1_271' title='bbox 135 2896 226 2966; x_wconf 85' lang='lat' dir='ltr'><strong><em>seret,</em></strong></span> <span class='ocrx_word' id='word_1_272' title='bbox 243 2894 433 2974; x_wconf 86' lang='lat' dir='ltr'><strong><em>prohibebit,</em></strong></span> <span class='ocrx_word' id='word_1_273' title='bbox 453 2905 505 2956; x_wconf 90' lang='lat' dir='ltr'><strong><em>aut</em></strong></span> <span class='ocrx_word' id='word_1_274' title='bbox 525 2894 755 2974; x_wconf 84' lang='lat' dir='ltr'><strong><em>reprehendet);</em></strong></span> <span class='ocrx_word' id='word_1_275' title='bbox 772 2897 828 2956; x_wconf 90' lang='lat' dir='ltr'><strong><em>nisi</em></strong></span> <span class='ocrx_word' id='word_1_276' title='bbox 849 2905 947 2958; x_wconf 75' lang='lat' dir='ltr'><strong><em>mmen</em></strong></span> <span class='ocrx_word' id='word_1_277' title='bbox 970 2899 1003 2958; x_wconf 82' lang='lat' dir='ltr'><strong><em>ed</em></strong></span> <span class='ocrx_word' id='word_1_278' title='bbox 1025 2917 1107 2960; x_wconf 89' lang='lat' dir='ltr'><strong><em>oeca-</em></strong></span> <span class='ocrx_word' id='word_1_279' title='bbox 1129 2893 1133 2939; x_wconf 74' lang='lat'><strong><em>³³</em></strong></span> 
     </span>
     <span class='ocr_line' id='line_1_33' title="bbox 93 2979 1107 3062; baseline 0.007 -27"><span class='ocrx_word' id='word_1_280' title='bbox 93 3008 107 3062; x_wconf 73' lang='grc' dir='ltr'><strong>ιι</strong></span> <span class='ocrx_word' id='word_1_281' title='bbox 135 2979 220 3040; x_wconf 88' lang='lat' dir='ltr'><strong><em>sione</em></strong></span> <span class='ocrx_word' id='word_1_282' title='bbox 238 2990 356 3042; x_wconf 88' lang='lat' dir='ltr'><strong><em>maneat</em></strong></span> <span class='ocrx_word' id='word_1_283' title='bbox 377 2982 408 3040; x_wconf 91' lang='lat' dir='ltr'><strong><em>in</em></strong></span> <span class='ocrx_word' id='word_1_284' title='bbox 425 2981 531 3042; x_wconf 89' lang='lat' dir='ltr'><strong><em>morali</em></strong></span> <span class='ocrx_word' id='word_1_285' title='bbox 550 2982 701 3042; x_wconf 86' lang='lat' dir='ltr'><strong><em>occasione</em></strong></span> <span class='ocrx_word' id='word_1_286' title='bbox 722 2981 878 3059; x_wconf 82' lang='lat' dir='ltr'><strong><em>peccandi,</em></strong></span> <span class='ocrx_word' id='word_1_287' title='bbox 896 2989 949 3042; x_wconf 91' lang='lat' dir='ltr'><strong><em>aut</em></strong></span> <span class='ocrx_word' id='word_1_288' title='bbox 965 2982 1032 3042; x_wconf 87' lang='lat' dir='ltr'><strong><em>ideo</em></strong></span> <span class='ocrx_word' id='word_1_289' title='bbox 1048 2984 1107 3042; x_wconf 90' lang='lat' dir='ltr'><strong><em>cir·</em></strong></span> 
     </span>
     <span class='ocr_line' id='line_1_34' title="bbox 93 3064 1104 3144; baseline 0.003 -23"><span class='ocrx_word' id='word_1_290' title='bbox 93 3092 107 3120; x_wconf 77' lang='grc' dir='ltr'><strong>ι</strong></span> <span class='ocrx_word' id='word_1_291' title='bbox 133 3073 271 3137; x_wconf 89' lang='lat' dir='ltr'><strong><em>cumcat,</em></strong></span> <span class='ocrx_word' id='word_1_292' title='bbox 288 3074 322 3125; x_wconf 92' lang='lat' dir='ltr'><strong><em>ut</em></strong></span> <span class='ocrx_word' id='word_1_293' title='bbox 339 3064 462 3126; x_wconf 80' lang='lat' dir='ltr'><strong><em>liberius</em></strong></span> <span class='ocrx_word' id='word_1_294' title='bbox 483 3073 582 3142; x_wconf 86' lang='lat' dir='ltr'><strong><em>peccet</em></strong></span> <span class='ocrx_word' id='word_1_295' title='bbox 588 3088 600 3141; x_wconf 85' lang='lat'><strong><em>,-</em></strong></span> <span class='ocrx_word' id='word_1_296' title='bbox 616 3074 688 3125; x_wconf 90' lang='lat' dir='ltr'><strong><em>tunc</em></strong></span> <span class='ocrx_word' id='word_1_297' title='bbox 708 3066 790 3126; x_wconf 91' lang='lat' dir='ltr'><strong><em>enim</em></strong></span> <span class='ocrx_word' id='word_1_298' title='bbox 810 3067 938 3144; x_wconf 87' lang='lat' dir='ltr'><strong><em>graviter</em></strong></span> <span class='ocrx_word' id='word_1_299' title='bbox 952 3067 1104 3144; x_wconf 86' lang='lat' dir='ltr'><strong><em>peccabit,</em></strong></span> 
     </span>
     <span class='ocr_line' id='line_1_35' title="bbox 93 3147 1136 3212; baseline 0.005 -6"><span class='ocrx_word' id='word_1_300' title='bbox 93 3177 107 3206; x_wconf 82' lang='grc' dir='ltr'><strong><em>ιι</em></strong></span> <span class='ocrx_word' id='word_1_301' title='bbox 134 3158 165 3208; x_wconf 87' lang='lat' dir='ltr'><strong><em>ct</em></strong></span> <span class='ocrx_word' id='word_1_302' title='bbox 187 3149 226 3210; x_wconf 90' lang='lat' dir='ltr'><strong><em>ob</em></strong></span> <span class='ocrx_word' id='word_1_303' title='bbox 248 3148 394 3209; x_wconf 83' lang='lat' dir='ltr'><strong><em>deiectum</em></strong></span> <span class='ocrx_word' id='word_1_304' title='bbox 416 3150 576 3210; x_wconf 86' lang='lat' dir='ltr'><strong><em>attritionis</em></strong></span> <span class='ocrx_word' id='word_1_305' title='bbox 603 3149 746 3210; x_wconf 84' lang='lat' dir='ltr'><strong><em>confessio</em></strong></span> <span class='ocrx_word' id='word_1_306' title='bbox 772 3151 830 3210; x_wconf 87' lang='lat' dir='ltr'><strong><em>erit</em></strong></span> <span class='ocrx_word' id='word_1_307' title='bbox 855 3151 947 3210; x_wconf 88' lang='lat' dir='ltr'><strong><em>nulla.</em></strong></span> <span class='ocrx_word' id='word_1_308' title='bbox 971 3153 1015 3210; x_wconf 92' lang='lat' dir='ltr'><strong><em>lta</em></strong></span> <span class='ocrx_word' id='word_1_309' title='bbox 1033 3147 1104 3212; x_wconf 81' lang='lat' dir='ltr'><strong><em>Fili.</em></strong></span> <span class='ocrx_word' id='word_1_310' title='bbox 1129 3157 1136 3204; x_wconf 74' lang='grc' dir='ltr'>ἰ</span> 
     </span>
     <span class='ocr_line' id='line_1_36' title="bbox 91 3231 872 3314; baseline 0.004 -25"><span class='ocrx_word' id='word_1_311' title='bbox 91 3261 106 3289; x_wconf 86' lang='grc' dir='ltr'><strong><em>ιι</em></strong></span> <span class='ocrx_word' id='word_1_312' title='bbox 134 3233 243 3312; x_wconf 79' lang='lat' dir='ltr'><strong><em>Lapm.</em></strong></span> <span class='ocrx_word' id='word_1_313' title='bbox 257 3231 280 3294; x_wconf 88' lang='lat' dir='ltr'><strong><em>l.</em></strong></span> <span class='ocrx_word' id='word_1_314' title='bbox 294 3235 323 3294; x_wconf 80' lang='lat' dir='ltr'><strong><em>b.</em></strong></span> <span class='ocrx_word' id='word_1_315' title='bbox 339 3241 362 3293; x_wconf 91' lang='lat' dir='ltr'><strong><em>t.</em></strong></span> <span class='ocrx_word' id='word_1_316' title='bbox 377 3235 406 3293; x_wconf 85' lang='grc'><strong>6.</strong></span> <span class='ocrx_word' id='word_1_317' title='bbox 421 3232 509 3294; x_wconf 84' lang='lat' dir='ltr'><strong><em>cara.</em></strong></span> <span class='ocrx_word' id='word_1_318' title='bbox 522 3232 557 3294; x_wconf 88' lang='lat' dir='ltr'><strong><em>de</em></strong></span> <span class='ocrx_word' id='word_1_319' title='bbox 571 3235 654 3314; x_wconf 80' lang='lat' dir='ltr'><strong><em>Lupo</em></strong></span> <span class='ocrx_word' id='word_1_320' title='bbox 666 3231 697 3294; x_wconf 86' lang='lat' dir='ltr'><strong><em>d.</em></strong></span> <span class='ocrx_word' id='word_1_321' title='bbox 712 3235 760 3294; x_wconf 85' lang='grc'><strong>16.</strong></span> <span class='ocrx_word' id='word_1_322' title='bbox 775 3252 807 3294; x_wconf 83' lang='lat' dir='ltr'><strong><em>n.</em></strong></span> <span class='ocrx_word' id='word_1_323' title='bbox 823 3235 872 3294; x_wconf 79' lang='lat'><strong><em>57.</em></strong></span> 
     </span>
    </p>
   </div>
   <div class='ocr_carea' id='block_1_6' title="bbox 89 3340 1106 3673">
    <p class='ocr_par' dir='ltr' id='par_1_7' title="bbox 89 3340 1106 3673">
     <span class='ocr_line' id='line_1_37' title="bbox 139 3340 1106 3421; baseline 0.009 -26"><span class='ocrx_word' id='word_1_324' title='bbox 139 3364 154 3394; x_wconf 81' lang='grc' dir='ltr'><strong>ι</strong></span> <span class='ocrx_word' id='word_1_325' title='bbox 170 3341 200 3400; x_wconf 84' lang='grc'><strong>6.</strong></span> <span class='ocrx_word' id='word_1_326' title='bbox 216 3342 258 3400; x_wconf 84' lang='lat' dir='ltr'><strong><em>Ex</em></strong></span> <span class='ocrx_word' id='word_1_327' title='bbox 273 3341 500 3402; x_wconf 81' lang='lat' dir='ltr'><strong><em>circumstantiis</em></strong></span> <span class='ocrx_word' id='word_1_328' title='bbox 512 3342 714 3404; x_wconf 89' lang='lat' dir='ltr'><strong><em>minuentibus</em></strong></span> <span class='ocrx_word' id='word_1_329' title='bbox 728 3343 787 3403; x_wconf 85' lang='lat' dir='ltr'><strong><em>illae</em></strong></span> <span class='ocrx_word' id='word_1_330' title='bbox 798 3340 916 3402; x_wconf 80' lang='lat' dir='ltr'><strong><em>uncum</em></strong></span> <span class='ocrx_word' id='word_1_331' title='bbox 927 3341 1106 3421; x_wconf 79' lang='lat' dir='ltr'><strong><em>explicandas</em></strong></span> 
     </span>
     <span class='ocr_line' id='line_1_38' title="bbox 91 3425 1103 3503; baseline 0.006 -20"><span class='ocrx_word' id='word_1_332' title='bbox 91 3451 106 3483; x_wconf 82' lang='grc' dir='ltr'><strong><em>ιι</em></strong></span> <span class='ocrx_word' id='word_1_333' title='bbox 133 3432 220 3500; x_wconf 89' lang='lat' dir='ltr'><strong><em>sunt,</em></strong></span> <span class='ocrx_word' id='word_1_334' title='bbox 243 3443 311 3502; x_wconf 85' lang='lat' dir='ltr'><strong><em>quaa</em></strong></span> <span class='ocrx_word' id='word_1_335' title='bbox 330 3426 379 3486; x_wconf 88' lang='lat' dir='ltr'><strong><em>vel</em></strong></span> <span class='ocrx_word' id='word_1_336' title='bbox 399 3425 522 3488; x_wconf 84' lang='lat' dir='ltr'><strong><em>omniud</em></strong></span> <span class='ocrx_word' id='word_1_337' title='bbox 544 3427 655 3487; x_wconf 91' lang='lat' dir='ltr'><strong><em>tollunt</em></strong></span> <span class='ocrx_word' id='word_1_338' title='bbox 676 3428 838 3503; x_wconf 85' lang='lat' dir='ltr'><strong><em>maiitiam,</em></strong></span> <span class='ocrx_word' id='word_1_339' title='bbox 860 3426 908 3487; x_wconf 87' lang='lat' dir='ltr'><strong><em>vel</em></strong></span> <span class='ocrx_word' id='word_1_340' title='bbox 929 3443 965 3485; x_wconf 83' lang='lat' dir='ltr'><strong><em>ex</em></strong></span> <span class='ocrx_word' id='word_1_341' title='bbox 986 3429 1103 3489; x_wconf 85' lang='lat' dir='ltr'><strong><em>mortali</em></strong></span> 
     </span>
     <span class='ocr_line' id='line_1_39' title="bbox 90 3508 1101 3588; baseline 0.006 -22"><span class='ocrx_word' id='word_1_342' title='bbox 90 3535 106 3566; x_wconf 83' lang='grc' dir='ltr'><strong><em>ιι</em></strong></span> <span class='ocrx_word' id='word_1_343' title='bbox 134 3508 246 3568; x_wconf 84' lang='lat' dir='ltr'><strong><em>iaciunt</em></strong></span> <span class='ocrx_word' id='word_1_344' title='bbox 265 3509 401 3585; x_wconf 83' lang='lat' dir='ltr'><strong><em>veniale,</em></strong></span> <span class='ocrx_word' id='word_1_345' title='bbox 424 3519 458 3570; x_wconf 89' lang='lat' dir='ltr'><strong><em>ut</em></strong></span> <span class='ocrx_word' id='word_1_346' title='bbox 479 3510 607 3588; x_wconf 89' lang='lat' dir='ltr'><strong><em>parvitas</em></strong></span> <span class='ocrx_word' id='word_1_347' title='bbox 629 3511 781 3584; x_wconf 74' lang='lat' dir='ltr'><strong><em>materia,</em></strong></span> <span class='ocrx_word' id='word_1_348' title='bbox 801 3510 1025 3584; x_wconf 87' lang='lat' dir='ltr'><strong><em>indeliberatio,</em></strong></span> <span class='ocrx_word' id='word_1_349' title='bbox 1045 3522 1101 3572; x_wconf 86' lang='lat' dir='ltr'><strong><em>etc.</em></strong></span> 
     </span>
     <span class='ocr_line' id='line_1_40' title="bbox 89 3590 1102 3673; baseline 0.003 -20"><span class='ocrx_word' id='word_1_350' title='bbox 89 3619 106 3653; x_wconf 82' lang='grc' dir='ltr'><strong><em>ιι</em></strong></span> <span class='ocrx_word' id='word_1_351' title='bbox 134 3590 236 3669; x_wconf 69' lang='lat' dir='ltr'><strong><em>[rerba</em></strong></span> <span class='ocrx_word' id='word_1_352' title='bbox 255 3594 349 3670; x_wconf 79' lang='lat' dir='ltr'><strong><em>gratia</em></strong></span> <span class='ocrx_word' id='word_1_353' title='bbox 368 3595 393 3655; x_wconf 87' lang='lat' dir='ltr'><strong><em>si</em></strong></span> <span class='ocrx_word' id='word_1_354' title='bbox 414 3594 463 3656; x_wconf 84' lang='lat' dir='ltr'><strong><em>dia</em></strong></span> <span class='ocrx_word' id='word_1_355' title='bbox 481 3594 597 3657; x_wconf 84' lang='lat' dir='ltr'><strong><em>veneris</em></strong></span> <span class='ocrx_word' id='word_1_356' title='bbox 617 3593 757 3672; x_wconf 85' lang='lat' dir='ltr'><strong><em>ignoraus</em></strong></span> <span class='ocrx_word' id='word_1_357' title='bbox 777 3595 948 3656; x_wconf 86' lang='lat' dir='ltr'><strong><em>comedisset</em></strong></span> <span class='ocrx_word' id='word_1_358' title='bbox 971 3597 1102 3673; x_wconf 83' lang='lat' dir='ltr'><strong><em>carnes);</em></strong></span> 
     </span>
    </p>
   </div>
   <div class='ocr_carea' id='block_1_7' title="bbox 0 0 1230 3975">
    <p class='ocr_par' dir='ltr' id='par_1_8' title="bbox 0 0 1230 3975">
     <span class='ocr_line' id='line_1_41' title="bbox 0 0 1230 3975; baseline 0 2"><span class='ocrx_word' id='word_1_359' title='bbox 0 0 1230 3975; x_wconf 95' lang='lat' dir='ltr'><strong><em> </em></strong></span> 
     </span>
    </p>
   </div>
  </div>
 </body>
</html>
