2450 3975
220 235 294 313 Cap.
308 230 339 292 5.
353 231 400 291 De
411 227 545 291 11111111.
559 238 595 290 ut
608 237 652 291 est
663 228 852 313 sacrificiunt.
866 230 988 295 Dabla.
1049 234 1104 294 iol

91 333 242 407 infirmis,
259 351 298 395 ne
317 332 436 398 missam
454 329 557 391 audire
573 332 747 410 priventur,
766 331 901 409 utsupra
916 332 1029 396 dictum
1044 341 1105 404 est,

91 419 181 484 tantb
204 418 297 496 magis
321 415 441 476 concedi
466 415 544 474 valet
568 416 791 488 sacerdotibus,
816 417 868 493 qui
893 417 968 497 saepe
996 416 1106 478 habent

92 501 254 585 qnamdam
273 500 440 561 celebrandi
460 500 679 575 necessitatem,
693 509 783 579 prout
802 499 951 577 colligitur
969 519 1006 561 ex
1018 499 1102 562 l'rid.

90 608 167 654 sess.
176 588 257 650 111.
267 589 316 647 11.
325 585 376 644 ubi
391 585 515 644 dieitur:
530 586 640 645 Carent
651 585 809 667 Episcopi,
823 593 858 646 ut
870 584 895 644 ii
906 586 999 663 (idest
1011 604 1104 647 saeer-

91 673 190 754 11111)
202 666 596 746 cornuumaueniens,
610 676 639 730 et
653 668 738 748 lestis
747 666 970 731 solemnioribus
984 669 1105 732 missurn

90 757 246 822 1111111111.
263 756 452 832 Quapropter
471 753 614 817 nescirem
632 751 649 813 1
668 753 752 834 culpa
774 755 833 824 levi
852 771 990 816 excusare
1011 772 1105 814 sacer·

90 845 197 905 dotem
213 841 317 911 illurn,
335 838 388 918 qui
402 838 535 918 quotidie
554 838 702 900 celebrare
720 847 817 916 posset
829 838 900 920 (una
916 838 1106 900 hebdomadis

90 931 144 992 die
158 925 277 1006 excepti
295 923 335 984 ob
351 922 559 1002 reverentiam)
578 932 608 983 et
620 924 684 984 sine
696 925 754 984 ulla
765 924 844 1006 justa
862 945 963 999 eausa,
977 925 1028 986 sed
1041 935 1105 986 tan·

90 1015 160 1077 aum
177 1013 218 1074 ob
236 1009 378 1071 desidiam
394 1007 599 1069 scelebrando
616 1009 793 1087 abstineret3
806 1011 939 1072 sacerdos
952 1013 1033 1072 enim
1045 1027 1106 1070 non

89 1099 193 1163 soldm
213 1115 269 1176 pro
287 1113 320 1154 se
338 1093 488 1167 celebrat,
509 1093 560 1153 sed
580 1094 669 1154 ctiam
692 1111 746 1172 pro
761 1095 839 1156 bono
852 1097 941 1157 totius
955 1096 1104 1166 Ecclesiae,

90 1184 259 1266 populique
277 1179 453 1252 christiani,
471 1178 555 1257 cujus
575 1180 712 1240 minister
734 1188 764 1239 et
787 1181 960 1242 intercessor
979 1189 1023 1240 est
1041 1197 1107 1240 con·

89 1272 237 1338 stitutus,
249 1267 332 1345 juxta
347 1264 424 1326 illud
443 1265 576 1342 Apostoli
590 1286 598 1322 ε
613 1263 719 1324 Omnis
735 1264 877 1345 Pontifex
892 1264 1107 1327 conaminibus

55 1403 58 1408 .
90 1361 285 1435 assumptus,
299 1367 356 1431 pro
376 1347 545 1411 bominibus
564 1347 754 1409 constituitur
774 1349 808 1410 in
828 1349 885 1426 iis,
899 1357 1048 1431 quaesunt
1067 1346 1107 1410 ad

89 1444 213 1514 1111111,
224 1444 261 1497 ut
272 1433 378 1514 offnot
391 1431 490 1505 dono,
506 1440 535 1492 et
550 1431 701 1514 sacrificio
715 1451 772 1514 pro
784 1434 921 1515 peccatis.
934 1432 1025 1495 Heba.
1036 1451 1061 1494 1.
1074 1435 1103 1494 ὅ.

90 1519 139 1599 J(-
154 1524 187 1583 1.
203 1522 278 1582 lline
294 1521 392 1580 oritur
407 1518 508 1596 (prout
520 1517 668 1596 dicebam)
683 1518 816 1596 quaedam
829 1519 1000 1593 necessitas,
1016 1536 1105 1596 quam

91 1605 231 1670 sacerdos
243 1603 333 1665 habet
351 1602 517 1665 celebrandi
529 1624 539 1679 3
550 1612 579 1665 et
590 1601 660 1664 ideo
676 1602 790 1664 facilius
799 1605 933 1688 Episcopi
949 1603 1106 1664 consedere

91 1693 227 1770 possunt
239 1687 439 1750 sacerdotibus
457 1687 625 1748 celebrandi
649 1687 798 1749 licentiam
815 1690 848 1749 in
865 1689 996 1768 ipsorum
1010 1687 1106 1750 domi-

90 1778 171 1851 bus,
192 1775 319 1836 durantc
339 1772 512 1834 eorumdem
532 1771 718 1832 infirmitate.

85 1879 89 1884 ·
131 1859 306 1924 Notandum
322 1860 348 1919 1.
364 1855 446 1936 qubd
461 1857 612 1918 indultum
631 1856 753 1918 oratorii
770 1856 911 1937 privatis
934 1858 1013 1937 Papa
1036 1875 1106 1920 eon-

93 1963 212 2010 cessum
228 1943 317 2004 durat
327 1959 423 2021 usque
433 1942 471 2003 ad
489 1949 617 2003 mortem
634 1942 811 2022 privilegiati
821 1941 953 2021 tantdm3
965 1962 1019 2005 nec
1029 1947 1107 2025 perit

92 2042 217 2098 mortuo
230 2029 326 2109 Papi,
339 2029 388 2089 vel
408 2028 551 2108 Episcopo
569 2029 621 2107 qni
641 2027 717 2089 illud
736 2030 914 2109 designavit,
929 2032 999 2110 quia
1014 2033 1107 2110 gratia

92 2118 188 2182 semel
211 2116 287 2177 saeta
308 2131 369 2177 non
384 2113 514 2193 exspirat
530 2124 627 2177 morte
644 2114 841 2179 concedentis.
864 2116 935 2181 Vide
946 2116 1036 2179 Eroic
1045 2112 1106 2180 16.

118 2206 220 2268 ,1.1.
235 2202 306 2263 267.

93 2224 116 2288 p
132 2287 306 2351 Notandum
326 2286 365 2347 11.
380 2283 460 2365 quod
479 2284 504 2347 si
525 2286 728 2365 privilegiatus
752 2295 849 2351 mutet
867 2285 1053 2349 domicilium
1074 2288 1107 2349 in

95 2374 186 2435 aliam
206 2370 355 2433 dioecesim
367 2411 377 2443 ,
389 2388 450 2431 non
463 2371 560 2431 amitti
579 2372 772 2449 privilegium
791 2372 930 2449 oratorii,
945 2371 1025 2450 quod
1039 2371 1108 2434 edm

95 2460 136 2521 sit
154 2457 327 2537 personale,
341 2472 498 2534 personam
514 2455 669 2533 sequitur,
686 2458 820 2533 quamvis
841 2457 1012 2532 requiratur
1032 2473 1109 2519 nova

94 2542 272 2623 approbatio
288 2541 441 2619 Episcopi,
457 2548 488 2601 et
508 2559 584 2601 nova
608 2542 752 2619 inspectio
770 2542 838 2602 loci.
870 2539 959 2601 Graiu
982 2558 1015 2600 n.
1038 2542 1108 2602 269.

94 2646 165 2689 nam
176 2624 260 2707 Syia.
274 2624 354 2687 Bon.
367 2624 463 2688 Borb.
476 2623 554 2686 Pell.
570 2624 677 2687 Tonzb.
692 2632 745 2685 eto.
754 2627 829 2699 Quia
847 2622 991 2702 inspectio
1009 2626 1110 2705 requi·

80 2711 192 2785 ritur,
212 2710 392 2771 etiamdum
420 2718 553 2771 mutatur
578 2706 723 2771 habitatio
749 2710 782 2769 in
802 2710 906 2769 eodem
929 2707 1057 2787 oppido,
1076 2720 1110 2772 ut

95 2793 174 2857 bene
191 2795 235 2856 ait
256 2793 347 2856 croix
368 2791 392 2854 1.
411 2813 437 2855 1.
460 2813 529 2855 eune
551 2792 656 2857 Tomb.
678 2801 782 2855 contro
801 2794 897 2855 Dion.
915 2802 945 2854 et
963 2793 1109 2869 Quinton.

97 2878 207 2943 Utraim
219 2890 319 2943 antem
332 2880 535 2960 privilegiatus
552 2880 645 2959 possit
663 2880 724 2941 duo
735 2880 863 2941 oratoria
876 2878 1004 2954 habere,
1013 2899 1108 2943 unum

96 2965 131 3027 in
148 2965 277 3046 oppido,
299 2968 426 3027 alterum
443 2966 476 3026 in
501 2965 597 3027 rilla'l
617 2969 709 3045 Negat
732 2965 823 3028 Croin
843 2965 899 3041 ib,
914 2965 965 3027 sed
983 2966 1110 3027 affirmat

97 3048 244 3132 Posquoi.
257 3050 467 3133 opudipsum,
480 3051 529 3111 eui
542 3068 604 3111 non
623 3050 783 3125 dissentio,
798 3052 822 3112 si
839 3051 1041 3129 privilegiatus
1050 3068 1110 3109 non

97 3136 137 3197 sit
152 3135 194 3198 ibi
214 3154 270 3215 per
285 3135 409 3197 modum
428 3134 588 3209 transitis,
604 3141 635 3196 et
653 3135 736 3197 locus
753 3136 792 3198 sit
812 3135 850 3195 ab
869 3136 1029 3196 Ordinario
1045 3130 1109 3211 jam

98 3222 288 3301 approbatus.

135 3306 307 3368 Notandum
318 3307 372 3367 111.
384 3306 416 3367 id
437 3304 519 3384 quod
540 3304 668 3370 habetur
686 3306 720 3367 in
738 3306 856 3367 decreto
871 3298 1112 3363 1111111101-

100 3400 192 3453 mente
201 3394 264 3453 ΧΙ.
277 3392 326 3453 die
338 3393 377 3453 lb
396 3391 553 3452 Decembr.
576 3390 764 3470 17111111
789 3392 822 3451 in
850 3397 1007 3452 extensum
1027 3387 1113 3449 affert

102 3476 192 3539 croix
205 3475 228 3537 1.
240 3478 357 3556 (11.1.
369 3477 485 3537 neas
502 3475 554 3536 ubi
576 3477 620 3537 sie
639 3466 749 3535 dicitur
762 3493 771 3533 s
788 3468 939 3533 Nonnulli
951 3472 1110 3554 Episcopi,

100 3570 130 3621 et
148 3557 313 3643 complures
334 3557 486 3641 repulsares
507 3558 563 3621 sub
579 3566 728 3639 praetentu
753 3554 977 3638 priuilepioruan
999 3574 1035 3616 11
1055 3555 1114 3619 sibi

102 3642 190 3715 lictae
200 3653 330 3729 putant,
345 3663 413 3727 qun
430 3642 584 3727 pretioue
606 3650 690 3707 aurat.
710 3640 868 3726 deputares
885 3640 919 3703 in
936 3640 1112 3722 quibusdum
