2450 3975
146 174 205 237 536
388 165 910 248 tst.c.rmcs.ncpoento1cu.

147 272 227 335 eliud
240 280 285 335 cst
297 286 380 351 posse
398 268 509 331 absolvi
535 268 588 347 qui
604 267 786 331 occasionem
805 284 868 327 ooo
880 265 1090 331 oultootittere
1102 280 1159 346 ,ut

147 358 263 421 dieebct
287 356 470 436 propositio,
487 353 587 425 aliud,
609 352 661 430 qni
675 351 745 413 licdt
765 370 826 417 non
840 352 914 413 velit
931 355 1072 415 omittere
1091 365 1158 419 anto

146 441 361 505 absolutionem
374 484 383 513 ,
396 438 472 501 beat
487 436 813 501 uncumltomttcere
832 437 933 498 satim
955 448 1022 516 post
1041 439 1157 501 absolu

146 528 267 589 tionem.
282 526 367 589 liatio
382 527 426 595 9.,
442 524 510 602 quio
524 529 704 601 preceptum
720 520 847 583 tollendi
860 522 1042 583 occasionem
1051 524 1156 585 volun·

146 611 251 672 tarium
267 618 312 673 est
334 607 521 685 nemorum,
538 605 569 666 id
587 614 633 665 est
660 623 722 667 non
741 604 933 683 permanendi
954 606 987 667 in
1004 608 1158 669 occasione

143 694 247 772 (prout
258 703 302 755 est
321 701 500 773 preceptum
512 707 575 751 non
589 689 738 750 retinendi
753 688 953 768 alienantes
972 688 1033 751 boe
1046 691 1157 771 obligat

142 788 297 858 scmpcrct
308 778 345 838 ad
357 793 489 853 semper:
501 773 642 851 undequi
655 781 752 852 potest
765 773 946 835 occasionem
956 776 1058 835 statim
1064 794 1158 837 remo·

147 862 231 935 tiro,
242 872 271 925 ct
284 880 344 923 non
361 866 513 931 removet,
529 866 574 919 est
591 857 625 917 in
642 858 749 917 cunali
767 858 1156 937 nanfflressioneprrecepti,

146 954 177 1007 ct
201 942 267 1007 ided
279 942 480 1022 indispositus.
494 940 550 1003 Sed
568 940 632 1001 hec
653 941 838 1019 rationeque
857 940 982 1003 omninb
999 944 1154 1016 satisfacit,

146 1030 192 1089 vel
210 1029 312 1091 saltem
336 1026 526 1104 intelligenda
540 1035 584 1086 est
608 1026 641 1085 in
658 1026 723 1087 solo
741 1044 828 1096 casu,
844 1044 905 1103 quo
919 1025 1065 1104 poenitene
1078 1028 1156 1089 ‘nolit
1222 1074 1224 1086 .

145 1112 244 1173 statim
258 1121 323 1191 post
333 1112 549 1173 absolutionem
563 1110 667 1171 tollere
680 1110 879 1181 occasionem,
901 1120 932 1171 ct
952 1108 1068 1171 tontum
1087 1130 1156 1189 pro·

142 1197 245 1257 mittat
259 1198 375 1259 auferre
387 1198 421 1257 in
435 1196 568 1257 futurum
579 1217 589 1271 ς
601 1196 670 1255 atsi
689 1194 834 1273 poenitcns
846 1196 878 1255 in
889 1204 957 1257 actu
966 1197 1155 1257 confessionis

144 1278 232 1343 firme
250 1288 430 1362 proponeret
450 1280 633 1342 occasionem
658 1280 813 1341 removere
838 1281 940 1341 statim
968 1298 1006 1342 -oe
1029 1281 1156 1342 domum

144 1364 239 1443 rodit,
257 1386 317 1429 non
329 1366 417 1427 video
428 1384 482 1425 cur
490 1364 631 1425 dicendus
643 1371 721 1425 osset
739 1361 789 1424 bic
802 1363 1011 1444 indispositns,
1024 1371 1057 1425 et
1074 1364 1157 1443 qubd

145 1458 292 1529 precepto
304 1448 518 1512 contraveniat.
531 1448 617 1509 ilatio
629 1449 727 1527 potior
745 1455 775 1509 et
789 1466 859 1511 vero
874 1447 937 1509 bec
949 1447 1023 1510 mihi
1036 1449 1156 1510 videtur

141 1548 224 1591 esses
239 1533 347 1595 ablatio
367 1533 523 1595 occasionis
541 1540 585 1593 est
600 1550 650 1593 rm
667 1549 847 1612 magnopere
861 1533 975 1604 ardua,
992 1540 1025 1593 et
1038 1551 1101 1594 non
1119 1532 1156 1592 fit

602 1616 935 1689 o
948 1617 1155 1762 alm
1221 1695 1224 1800 ,

143 1796 279 1849 remanet
296 1722 382 1849 viide
397 1719 771 1866 pripcnsusfiiidedai
793 1786 905 1847 occasio
927 1804 992 1847 non
1018 1786 1154 1847 aufertur

142 1878 213 1935 tntc
234 1872 469 1943 absolutionem,
494 1872 640 1949 poenitens
659 1870 697 1929 dc
712 1870 789 1931 lucili
807 1878 875 1947 post
888 1867 1105 1931 absolutionem
1122 1887 1154 1931 sc
1222 1849 1224 1956 i

143 1952 291 2035 decipiet,
306 1956 380 2018 ialsb
402 1956 458 2017 sibi
478 1955 628 2018 suadendo
642 1953 722 2035 qubd
737 1953 949 2018 tentationibus
971 1956 1109 2028 resistet,
1122 1962 1154 2017 et

144 2039 207 2112 sic,
223 2041 375 2102 occasione
396 2057 457 2101 non
481 2039 624 2110 dimisso,
644 2039 776 2118 proiecti
798 2040 907 2100 redibit
926 2039 964 2100 od
991 2040 1152 2103 vomitum.

144 2122 207 2196 Quo
218 2123 256 2185 de
269 2143 303 2186 rc
315 2168 324 2197 ‚
337 2125 362 2185 si
374 2125 440 2184 talis
453 2125 541 2185 vellet
556 2125 685 2194 absolvi,
701 2132 860 2201 antequam
876 2125 1056 2186 oooosionem
1068 2125 1154 2186 deso·
1221 2176 1222 2193 ,

143 2217 208 2284 mt,
221 2219 298 2271 osset
311 2209 504 2288 'indispositus
515 2251 523 2281 ,
536 2209 605 2287 quin
626 2227 658 2268 se
673 2210 866 2270 constitueret
874 2209 908 2272 in
923 2207 1067 2287 probabili
1078 2210 1154 2288 peri·
1221 2204 1222 2239 ³

143 2293 210 2356 culo
220 2293 400 2373 infringendi
418 2293 601 2372 propositum
617 2312 627 2350 a
648 2311 683 2352 oc
699 2302 855 2370 propterca
869 2292 1080 2366 confessarius,
1099 2294 1153 2372 qni

143 2392 212 2438 eum
233 2377 400 2440 absolveret
412 2421 421 2449 ,
432 2379 531 2456 ipsum
545 2377 741 2456 relinquendo
759 2378 859 2440 intuli
876 2377 1009 2455 periculo
1022 2420 1034 2450 ,
1045 2380 1153 2458 utiquc
1220 2396 1223 2416 ¹

143 2472 276 2538 peccaret
291 2471 354 2524 tum
372 2471 474 2522 contra
488 2461 616 2523 officium
626 2461 754 2539 judicis,
768 2461 857 2540 quim
870 2461 976 2522 medici
988 2481 1008 2532 ,·
1018 2466 1089 2540 quia
1099 2464 1154 2524 ab·

142 2546 268 2607 solveret
283 2545 505 2625 indispositum,
522 2563 582 2606 non
599 2545 774 2624 applicando
788 2546 833 2606 illi
854 2544 1019 2606 remedium
1030 2563 1094 2607 succ
1103 2565 1153 2608 so·

143 2628 198 2690 luti
210 2632 418 2692 oecumenium.

181 2718 284 2776 Dices:
302 2717 450 2776 Poenitens
465 2715 516 2793 qui
539 2712 630 2775 habet
646 2733 702 2793 pro
718 2734 751 2776 se
768 2715 938 2794 opinionem
951 2714 1152 2794 probabilem,

142 2799 229 2862 debet
240 2798 373 2872 absolvi,
388 2799 458 2876 quia
481 2796 550 2859 crim
566 2800 604 2860 sit
617 2800 775 2878 dispositus
786 2843 799 2873 ,
809 2798 897 2859 babet
905 2799 956 2876 jus
974 2801 1012 2862 od
1031 2801 1153 2862 obsolu-

143 2879 364 2959 tionem,juxta
383 2882 506 2944 dicenda
525 2902 559 2942 rc.
584 2886 653 2944 tot.
675 2883 753 2961 llrgb
770 2885 797 2944 si
815 2885 882 2962 quis
901 2884 1073 2946 eiiormaret
1090 2885 1152 2946 sibi

142 2967 347 3031 conscientiam
365 2967 548 3046 probabilem
568 2966 653 3044 juxta
672 2969 800 3046 primam
815 2971 1013 3041 sententiam,
1032 2977 1154 3032 tencre·

142 3064 191 3116 tur
210 3051 399 3120 confessarius
420 3069 489 3112 eum
506 3052 668 3112 absolvere.
689 3052 893 3130 licspondotur
910 3056 940 3114 i.
958 3052 1040 3133 qudd
1060 3053 1153 3114 illici·

142 3148 205 3201 tum
227 3142 272 3197 cst
294 3133 346 3215 (ut
366 3135 495 3196 diximus
519 3153 587 3196 mox
606 3134 695 3215 sopri
712 3155 797 3196 oum.
819 3137 903 3214 lbi.)
927 3155 960 3198 so
978 3135 1154 3199 voluntarie

141 3239 286 3302 exponere
311 3220 455 3300 probabili
483 3220 613 3305 periculo
640 3221 801 3299 peccandi,
824 3222 905 3301 unde
929 3231 1029 3301 peccet
1050 3223 1151 3299 peni·
1219 3182 1221 3331 Ι

141 3316 221 3376 tens,
236 3305 288 3382 qui
306 3305 371 3364 vult
389 3303 602 3364 absolutionem
617 3305 767 3382 recipere,
780 3314 939 3383 onthuam
963 3305 1150 3368 oecosionem

140 3389 294 3458 dimittat,
324 3385 391 3446 edm
424 3405 456 3446 se
482 3388 623 3447 immittat
657 3389 689 3446 in
719 3388 870 3466 probabile
899 3390 1066 3467 periculum
1098 3390 1150 3451 in·
1218 3460 1219 3463 Ἴ

137 3469 285 3543 fringendi
310 3471 515 3546 propositum,
539 3479 569 3530 et
592 3469 660 3531 idcb
684 3480 834 3548 tamquam
858 3473 1051 3552 indispositus
1076 3474 1151 3536 nul·

137 3546 200 3602 lum
219 3547 269 3621 jus
301 3549 388 3611 habet
420 3553 458 3612 od
478 3553 706 3620 absolutionem.
726 3556 931 3635 Respondent
959 3560 992 3619 ἢ.
1015 3558 1091 3619 Dato
1115 3565 1150 3616 ct
