2450 3975
363 177 458 242 Iuelea
471 178 603 261 capitum
617 185 644 239 et
658 178 824 243 dubiorum.
1040 182 1093 243 474

86 285 148 345 449
166 284 206 346 lu
224 281 332 363 auibus
351 283 418 344 verb
438 282 661 363 permittantur.
682 283 724 343 Et
742 300 786 343 ou
806 290 876 345 tuuc
896 298 952 363 pro
975 280 1099 344 arbitrio

77 428 80 431 ,
204 367 317 448 possim
334 366 395 429 diei
411 368 534 448 possiut.

86 452 148 516 440
169 452 224 527 Qu.
241 455 267 515 1.
282 453 331 513 Au
349 451 391 513 sit
407 448 532 513 mortale
553 450 646 514 dicere
663 450 786 515 missam
806 451 936 514 votivam
953 452 986 513 iu
998 450 1098 517 diebus

203 537 313 599 vetitis.

87 619 145 681 444
171 621 544 705 Qu..11.obquoscoucus
558 621 591 681 iu
602 618 688 682 dictis
698 620 798 683 diebus
809 621 925 701 possiut
934 620 993 683 dici
1003 620 1099 683 missae

204 704 320 769 votiva.
339 709 366 766 4.
388 704 433 767 ob
451 704 649 767 necessitatem
667 703 828 789 publicam.
843 708 873 767 4.
889 704 924 769 Si
935 706 968 767 iu
980 702 1099 766 illaEc·

204 787 291 851 alesia
310 788 467 851 celebretur
483 786 593 869 festum
616 787 736 871 duplea.
762 792 790 851 5.
810 791 845 853 Si
863 798 1029 870 eapouatur
1045 790 1097 850 88.

203 875 437 938 Sacramentum.
452 876 482 934 4.
497 874 533 935 Si
549 892 682 954 praseus
702 875 742 937 eil
759 874 899 949 cadaver,
912 872 958 937 vel
977 874 1099 937 diceudo

203 958 245 1021 sit
263 960 355 1022 missa
372 958 591 1021 auroivorsaria.

84 1044 146 1105 444
166 1045 222 1120 Qu.
239 1046 302 1105 ΙΙΙ.
312 1047 359 1105 Au
375 1042 521 1125 oblipotus
532 1042 624 1105 dicere
637 1044 759 1106 missam
772 1045 902 1107 votivam
912 1040 1097 1125 satisfaciat,

202 1129 231 1192 si
248 1124 336 1191 dicat'
348 1129 408 1191 tut
425 1127 590 1211 propriam.

83 1211 146 1274 445
167 1213 224 1289 Qu.
240 1216 260 1275 1
263 1216 297 1274 V.
318 1212 462 1291 Quocuam
479 1213 542 1274 siut
554 1211 732 1275 advertenda
747 1216 826 1276 eirca
846 1212 966 1277 modum
984 1212 1099 1275 dieeuoli

204 1299 310 1361 missas
331 1299 455 1379 votivas.
477 1300 519 1359 et
536 1301 566 1357 4.
588 1302 635 1360 De
655 1317 777 1361 uumero
800 1300 978 1360 oratiouum.
1000 1300 1030 1358 4.
1053 1298 1098 1357 De

204 1384 303 1446 missis
324 1382 497 1446 habentibus
519 1382 675 1444 introitum
696 1380 925 1463 particularem,
940 1389 993 1442 ete.
1014 1384 1042 1442 5.
1054 1382 1098 1440 De

201 1468 302 1529 missis
320 1472 481 1530 Beutorum
503 1468 643 1531 coacescis
664 1464 757 1528 alicui
775 1466 891 1538 ordini,
912 1464 958 1527 vel
976 1464 1047 1527 lova.
1065 1466 1094 1525 4.

201 1554 247 1613 De
261 1552 354 1615 missu
367 1553 421 1613 88.
438 1550 611 1624 Trinitatis,
623 1548 817 1633 Ampelorum,
833 1550 965 1633 Spiritus
983 1548 1079 1612 soueti
1087 1592 1095 1621 ‚

202 1640 242 1698 B.
262 1639 298 1698 V.
313 1639 440 1709 Mariae,
460 1645 488 1697 et
502 1635 701 1716 deRequiom.
997 1704 1000 1709 ,

81 1724 146 1787 444
165 1721 340 1802 Afferuutur
358 1720 463 1802 aliqua
485 1720 598 1782 decreto
617 1720 715 1801 urapis
734 1717 877 1783 notabilia
895 1718 973 1781 circu
991 1716 1097 1779 misso·

201 1826 271 1868 rum
290 1803 519 1868 celebrationem.
535 1804 688 1880 Quaeritur
705 1804 752 1867 bic
773 1805 882 1881 obiter,
905 1820 1039 1886 quuuam
1060 1820 1096 1861 ea

202 1909 293 1953 curua
311 1890 396 1952 liceat
407 1908 549 1971 eapouere
560 1891 612 1951 88.
629 1891 862 1951 Sacramentum.
874 1908 902 1951 v.
916 1889 1026 1948 Refert.
1037 1888 1096 1947 De·

203 1970 1096 2058 iudicauimus,quibusqucclesiispossitasservariSauu·

202 2069 334 2123 meatum
346 2059 554 2124 Eucharistiae.

400 2268 691 2372 TRAcToTUS
710 2274 775 2355 lV.

324 2475 366 2528 DE
388 2474 601 2529 8404444440
625 2474 856 2528 POENITENTIAE.

506 2651 629 2714 CAPUT
650 2654 675 2712 1.

329 2844 364 2885 DE
385 2842 515 2886 essartum
535 2840 624 2886 44444448
645 2841 827 2886 sannuncurt.

83 2997 173 3070 DUB.
194 3003 218 3062 4.
239 3001 311 3076 Quae
331 3003 370 3063 sit
389 3003 453 3080 ejus
473 2999 619 3075 materie,
635 3009 664 3062 et
680 3001 798 3064 forma?
952 3015 1023 3079 pop.
1038 2997 1095 3058 446

83 3171 144 3231 445
163 3173 208 3232 De
222 3171 352 3233 materia
368 3179 397 3232 et
414 3169 513 3252 [arura
528 3169 619 3252 bajus
632 3169 819 3232 sacramenti.

82 3255 144 3318 446
161 3257 313 3322 Macellum
331 3255 371 3318 ool
390 3254 593 3337 confessarios.

83 3341 142 3402 447
162 3342 208 3401 De
226 3343 349 3402 materie
370 3349 491 3402 remota.
508 3339 588 3403 Dub.
608 3344 637 3403 4.
657 3343 705 3402 Au
725 3337 865 3404 mortalia
885 3339 1039 3404 commissa
1060 3336 1094 3397 iu

202 3424 382 3506 susceptivum
405 3424 546 3507 baptismi
563 3425 626 3485 siut
646 3426 771 3487 materia
795 3423 885 3504 bajus
907 3425 1091 3486 sacrameuti.

200 3509 282 3570 Dub.
300 3513 329 3570 4.
345 3511 393 3571 Au
411 3518 532 3592 peccata
551 3507 629 3570 alias
651 3507 784 3590 coresessa
804 3508 867 3570 siut
885 3506 1010 3571 materia
1028 3505 1094 3586 suf·

164 3649 168 3656 .
197 3591 302 3675 ficiem
319 3593 409 3676 bujus
426 3594 613 3656 sauomemt.
888 3677 928 3736 4⁰
