2450 3975
202 190 275 273 cop.
288 188 319 251 5.
336 187 382 251 ne
392 185 527 251 Iioclror.
543 188 923 271 uteetcocrificiem.1)eb.
936 196 967 256 4.
1026 196 1084 259 lbi

70 307 85 348 n
109 289 272 370 qncntibus
288 288 425 351 casibus:
445 298 527 351 entra
539 308 614 369 quos
627 293 651 351 si
673 292 743 366 lint,
757 311 819 353 esse
839 298 962 357 mortale
978 296 1084 371 docent

69 402 84 432 ιι
108 372 183 438 Fili.
196 376 303 455 Loym.
324 380 354 434 et
372 371 429 436 clii
440 391 586 437 commum
608 400 622 428 ιι
646 378 723 455 (cum
740 378 840 459 Lupo,
855 380 963 442 Soncb.
975 383 1081 463 leym.

69 462 162 523 Scor.
193 466 224 520 et
254 456 348 520 Salm.
367 456 440 522 ibici.
473 477 558 520 oum.
583 461 632 521 49.
664 480 732 522 cum
754 463 923 541 communi)
947 489 962 519 ι
979 476 1083 529 contra

69 565 90 598 r
107 546 228 621 Solum,
248 551 278 604 et
291 545 345 604 So.

114 655 130 683 ι
148 627 272 700 Primo,
288 628 314 687 si
332 627 372 689 sit
390 626 563 700 necessitas,
582 629 678 705 qualis
695 646 758 691 esse
779 636 915 691 censetur
927 677 935 703 ‚
948 634 973 693 1.
984 634 1015 694 Si
1028 637 1082 697 Ec·

69 739 84 771 ι
109 715 207 774 clesiae
223 712 332 772 dirutoe
356 711 426 772 sint,
442 737 455 765 ι
481 710 535 790 (Et
547 710 623 774 otim
640 712 773 795 populns
793 722 906 775 careret
918 714 1030 787 misso,
1054 727 1083 779 et

68 799 112 860 cic
129 794 298 859 conceditur
317 793 432 857 incon.
446 794 637 859 concedimus
660 795 695 859 de
712 817 837 861 consecr.
856 798 926 861 dot.
942 803 971 860 1.
988 798 1080 863 Solm.

68 880 143 943 ctio.
163 898 250 963 num.
266 878 329 958 tn.)
353 904 368 933 ιι
387 882 425 940 ll.
440 881 470 941 Si
491 883 636 961 populum
656 883 688 943 in
706 884 830 963 solemni
844 883 918 945 sesto
936 886 1083 964 templum

68 992 82 1020 ι
106 984 171 1028 non
186 965 279 1045 cepit.
299 990 313 1019 ιι
336 964 430 1045 (tnqo
446 962 523 1047 disp
537 968 587 1028 to.
601 986 635 1027 n.
651 968 701 1030 48.
723 987 750 1030 s.
761 971 798 1039 2.
813 966 924 1030 Bmed.
935 969 1026 1031 XIV.
1047 968 1083 1031 cle

67 1046 220 1113 ostentet.
238 1051 268 1111 5.
283 1069 307 1111 c.
319 1051 349 1110 6.
363 1046 457 1112 Solm.
477 1049 550 1111 ibid.
563 1071 596 1112 n.
616 1053 664 1113 55.
685 1072 753 1114 cnm
770 1049 840 1114 Pal.
861 1054 968 1135 Lcym.
990 1056 1081 1135 Vocq.

67 1136 136 1197 Dic.
155 1135 229 1195 Con.
252 1133 356 1213 Scor.)
382 1159 394 1187 ιι
414 1135 468 1195 Ill.
491 1135 527 1195 ln
549 1138 650 1197 cestris
673 1156 730 1217 pro
754 1137 907 1214 exercitu3
926 1139 978 1198 sed
1001 1140 1082 1200 lestis

67 1244 82 1273 ιι
107 1218 229 1283 entim
240 1218 353 1281 diebus.
368 1221 443 1301 δας.
458 1221 492 1280 C.
511 1218 546 1280 cle
559 1222 659 1302 lupo,
675 1229 727 1282 etc.
742 1220 821 1282 Licet
836 1219 982 1302 Poequol.
1000 1222 1083 1304 apud

67 1331 81 1361 n
106 1304 205 1366 Dion.
219 1323 290 1386 pop.
314 1306 344 1365 9.
362 1314 384 1365 t.
403 1308 434 1365 1.
446 1323 504 1368 res.
517 1308 567 1367 44.
583 1308 672 1367 etiem
686 1325 747 1369 non
765 1307 845 1367 sestis
861 1316 977 1367 censeat
999 1327 1083 1387 posse

67 1416 82 1446 ι
106 1390 244 1470 permitti
269 1388 481 1461 ueneramus,
503 1397 534 1450 ct
552 1389 703 1468 primariis
723 1390 855 1452 Ducibus
882 1391 914 1451 in
933 1392 994 1451 suis
1017 1400 1083 1452 tcn·

65 1500 82 1531 ιι
106 1475 195 1536 toriis
216 1500 230 1529 ιι
253 1474 306 1554 (In
333 1473 381 1536 to
398 1481 520 1548 tomen,
539 1481 569 1536 et
588 1474 737 1537 similibus
761 1475 876 1540 eastun
896 1474 1083 1559 impetranda

65 1568 112 1623 est
130 1577 245 1639 semper
260 1578 296 1620 oc
316 1566 413 1641 potest
435 1555 554 1622 licentio
582 1558 758 1634 Ordinato,
778 1568 813 1622 ut
831 1560 913 1641 Luco
930 1559 961 1622 cl.
980 1563 1030 1622 20.
1049 1558 1080 1622 cl.

66 1665 101 1705 n.
121 1646 173 1705 48.
187 1651 217 1704 et
239 1641 333 1705 Sclm.
354 1645 448 1725 cupro
462 1641 512 1705 cit.
525 1665 559 1708 n.
578 1647 628 1706 54.
649 1645 683 1705 in
692 1643 750 1727 fin.
763 1663 830 1707 com
851 1640 921 1706 Pol.
935 1646 1042 1727 leym.
1055 1652 1084 1707 et

2 1793 4 1808 ,
71 1727 180 1809 Vosq.)
205 1753 218 1782 ιι
238 1730 289 1789 tv.
307 1729 441 1807 inportu
456 1747 510 1807 pro
530 1732 656 1809 appulsu
675 1731 769 1791 novis.
790 1755 803 1783 ι
826 1730 883 1806 (Nc
896 1727 1081 1807 nooipontes,

66 1814 125 1894 qui
145 1832 253 1875 nocem
265 1812 393 1875 deserere
406 1823 575 1895 nequeunt,
593 1814 687 1875 misso
703 1813 737 1875 in
758 1812 805 1875 dic
824 1812 899 1893 sesto
915 1813 1080 1893 priventur.

66 1895 140 1959 I’cl.
156 1900 261 1978 Lcym.
280 1900 356 1979 top.
368 1899 437 1960 Dic.
449 1918 516 1959 cum
528 1897 620 1962 Solm.
635 1897 707 1961 ibici.
716 1901 757 1960 Et
773 1897 910 1979 quamvis
919 1897 953 1957 in
967 1897 1084 1959 c.Sicul

66 1981 103 2045 cle
119 2000 247 2044 consecr.
258 1980 328 2044 clim
346 1985 375 2044 1.
390 1982 471 2046 dicct
488 1983 631 2066 Pontifex
644 2003 704 2046 non
720 1980 804 2046 licere
825 1991 910 2045 eoem
921 1979 1081 2045 Ecclesiam

66 2065 233 2139 celebrare,
252 2069 310 2128 nisi
329 2087 444 2130 summe
467 2071 595 2148 coigerit
610 2071 785 2141 necessitas,
811 2077 943 2129 attamen
962 2086 1083 2150 respon·

65 2150 140 2212 (lent
162 2148 258 2212 Solm.
276 2150 349 2214 ibid.
376 2151 461 2214 num.
487 2157 535 2215 55.
553 2173 621 2216 cum
639 2157 729 2236 Vaeq.
752 2155 839 2215 Cone.
858 2150 929 2214 Pol.
945 2159 973 2212 et
992 2151 1080 2229 aliis,

65 2237 215 2298 minorem
230 2238 430 2298 necessitatem
439 2235 587 2319 militem,
608 2258 645 2300 ex
657 2236 939 2317 consuetudinejom
956 2245 1082 2318 receptu,

66 2327 104 2380 ot
117 2327 163 2380 est
178 2319 213 2379 in
229 2319 378 2398 predictis
390 2322 505 2383 ccetbne
518 2367 527 2395 ‚
539 2323 647 2403 quibus
665 2323 784 2386 addunt
795 2325 878 2401 Lupo
894 2320 925 2381 d.
938 2323 988 2382 20.
1002 2321 1034 2382 d.
1047 2341 1079 2384 n.

66 2405 117 2464 48.
135 2411 167 2464 et
183 2402 278 2464 Solm.
293 2401 366 2466 ibid.
386 2424 419 2466 n.
440 2408 489 2467 51.
503 2427 570 2468 cum
581 2404 652 2470 Pul.
663 2411 770 2488 haym.
792 2409 882 2472 Scor.
895 2413 924 2466 et
936 2408 995 2478 So,
1007 2409 1079 2468 Con.

66 2496 121 2548 ete.
137 2486 297 2562 ccoum‚ei
316 2488 385 2570 quie
395 2508 450 2572 per
470 2488 534 2554 loco
548 2491 663 2553 decemo
679 2491 874 2574 peregrinans
895 2489 949 2550 clici
960 2498 1084 2572 copotnr

66 2573 162 2636 numo
179 2577 299 2647 curere,
321 2574 384 2635 olei
406 2583 491 2637 extro
507 2575 671 2639 Ecclesiam
689 2574 831 2654 celebret.)
854 2598 869 2630 ιι
889 2576 957 2636 Νο0
981 2585 1082 2636 tomen

66 2682 81 2711 ιι
106 2657 298 2731 influmine,
317 2661 365 2721 vel
377 2661 453 2723 meri
469 2671 591 2741 propter
611 2662 778 2740 periculum
792 2658 943 2721 effusionis
963 2661 1082 2738 sangui·

66 2767 81 2797 ιι
106 2743 174 2816 nis,
190 2753 226 2803 ut
244 2761 390 2805 commun.
418 2744 540 2806 docetur
569 2745 649 2825 opud
673 2749 751 2808 Boo.
769 2744 957 2806 Contrarium
981 2752 1080 2808 temen

66 2853 82 2881 ιι
106 2827 217 2890 dicitur
240 2828 305 2906 jem
327 2828 437 2892 habere
461 2830 561 2908 proris
588 2831 796 2892 Lusitanorum
816 2830 953 2891 euntium
973 2829 1005 2892 in
1031 2833 1080 2893 ln-

67 2937 81 2966 ι
106 2911 210 2990 diam,
236 2931 273 2974 ex
297 2915 490 2993 permissione
515 2913 604 2976 clem.
632 2916 722 2978 VIII.
739 2923 769 2975 et
790 2911 885 2976 Pcnli
914 2915 950 2976 V.
971 2933 1080 2994 exque

57 2996 81 3049 ἰ
106 2995 189 3058 licite
211 3016 292 3060 nunc
315 2999 380 3059 lieri
399 2999 507 3062 docent
523 2997 662 3081 chuncl.
682 3002 790 3073 Grom,
807 3017 863 3061 nec
879 2999 1027 3078 improbat
1044 3000 1078 3060 C.

66 3105 81 3135 ιι
106 3078 143 3142 cle
154 3083 238 3164 Inoo
254 3079 276 3143 l.
292 3102 317 3144 c.
335 3083 455 3144 limitat
475 3093 574 3146 cutem
589 3085 684 3146 Dion.
698 3104 730 3167 p.
752 3087 782 3146 5.
800 3091 822 3145 1.
841 3087 870 3146 5.
882 3101 939 3146 ree.
952 3086 1001 3144 40.
1012 3101 1079 3142 cnm

67 3189 81 3219 ιι
106 3167 200 3227 Hert.
213 3170 306 3229 Mero.
321 3163 406 3228 Trnl.
426 3175 479 3230 etc.
496 3171 521 3231 si
541 3187 646 3248 magno
670 3171 710 3230 sit
722 3169 919 3247 tranquillitos
932 3169 996 3228 sine
1017 3165 1079 3228 ullo

67 3273 83 3303 ιι
106 3254 290 3330 tempestatis
304 3253 434 3326 indicio,
453 3253 588 3333 adsitque
605 3264 714 3334 preter
732 3254 928 3315 celebrantem
946 3249 1079 3312 sacerdos

67 3359 82 3390 ιι
106 3337 202 3416 clius,
227 3338 280 3417 qui
303 3348 370 3417 post
391 3342 642 3402 consecrationem
663 3339 789 3402 firmiter
823 3345 922 3399 tenent
948 3337 1077 3400 culicem.

68 3445 82 3475 ι
106 3422 183 3482 Cum
200 3441 260 3502 qne
279 3425 415 3484 cautione
432 3426 522 3486 ctiam
537 3427 713 3504 Episcopum
735 3440 819 3502 posse
840 3423 877 3483 od
900 3420 957 3483 lroc
975 3441 1078 3484 concc-

68 3529 82 3559 ιι
107 3506 180 3567 dere
196 3507 365 3569 laenitatem
386 3509 418 3570 in
434 3511 604 3572 necessitate
629 3509 670 3587 (v.
688 3527 768 3586 pne
794 3525 897 3586 magno
920 3507 1079 3570 multitudo

67 3615 82 3642 ιι
107 3608 168 3737 pon
189 3591 289 3739 ³29}ss
308 3593 429 3656 Sacrum
443 3638 452 3671 ,
465 3593 512 3656 vel
527 3592 722 3656 moribundus
737 3592 858 3656 decedat
880 3609 943 3738 sirpe
955 3593 1077 3669 viatico)

135 3693 195 3737 m
256 3718 265 3737 .
532 3710 535 3714 .
