2450 3975
129 192 187 253 111
381 190 446 254 att.
461 193 490 253 6.
511 194 607 255 Tract.
617 194 646 254 1.
664 190 896 275 dependentia.

128 290 199 355 idid.
214 293 322 377 Sperat·
333 295 404 355 Coo.
426 300 455 355 et
468 292 542 356 Gob.
552 338 563 370 ‚
578 290 660 373 quod
678 292 703 355 si
721 292 807 357 alicui
821 294 860 355 sit
878 292 1047 373 injunctum
1061 296 1144 377 jeju-

128 377 213 439 nium
230 380 280 440 die
293 380 406 441 sabbati
420 380 451 440 in
463 378 605 441 honorem
617 381 650 439 B.
664 380 705 441 ld.
718 380 755 439 V.
766 422 774 451 ‚
786 388 933 441 transacto
946 376 982 443 e'o
994 382 1065 459 die,
1081 404 1142 447 non

128 472 245 527 tenetur
264 466 296 525 in
309 466 379 527 alio.
395 464 451 525 Sed
473 462 536 525 hee
552 465 653 543 opinio
674 483 727 525 nec
740 464 815 527 mihi
831 466 963 538 arridet,
984 475 1051 529 turn
1070 471 1141 547 quia

126 564 242 628 semper
270 552 475 629 principaliter
497 548 664 611 intenditur
684 548 701 609 1
720 551 894 613 confessario
916 550 1092 629 jejunium,
1112 565 1142 615 et

126 637 283 698 accessoriis
302 638 390 713 dies;
412 645 477 695 tum
496 635 585 713 quia,
605 634 724 715 quando
745 637 867 697 materia
889 645 933 697 est
958 638 1139 714 divisibilis,

126 720 178 797 qui
191 739 252 783 non
267 730 363 801 potest
376 720 500 798 implere
511 729 630 795 totum,
653 727 771 779 tenetur
791 720 828 780 ad
850 732 974 800 partem.

164 805 233 865 tat.
244 840 283 853 -
300 830 314 859 u
329 809 359 868 l.
382 808 478 865 Potest
489 805 653 865 satisfacere
670 822 723 883 per
742 805 833 865 alium
849 850 857 877 ‚
872 806 919 866 cui
934 805 1084 869 confessor
1106 808 1138 869 id

125 912 139 943 ι
163 890 316 959 concedit,
330 892 376 951 vel
394 893 445 969 qui
459 907 512 969 per
526 909 558 950 se
579 908 639 951 non
657 897 754 968 potest
766 934 777 963 ,
789 898 824 951 ut
837 890 944 951 docent
958 893 1062 973 Rapiat.
1076 896 1137 953 Fa-

123 995 138 1025 a
160 973 253 1053 pand.
268 973 361 1035 Dian.
374 993 408 1055 p.
425 976 455 1035 1.
469 982 492 1033 t.
504 974 534 1033 1.
549 993 606 1035 raa.
625 976 693 1036 tlt.
720 997 734 1028 a
752 972 820 1053 (Sed
842 973 959 1037 adverte
978 974 1026 1037 die
1047 996 1133 1057 prop.

123 1058 172 1119 11.
182 1056 355 1120 damnatam
366 1058 404 1121 ab
420 1058 504 1120 Alea.
525 1063 597 1124 vlt.
609 1078 676 1139 que
689 1058 803 1120 dicebat
818 1080 827 1118 1
845 1059 996 1121 Poeaaitens
1010 1062 1136 1142 proprid

122 1144 296 1204 auctoritate
314 1145 489 1207 substituere
504 1144 563 1208 atti
579 1142 674 1206 atium
692 1152 805 1224 potest,
820 1143 874 1225 qui
886 1140 947 1206 loco
967 1142 1137 1227 1111111111-
1213 1206 1214 1219 2

122 1225 278 1291 nitentium
290 1228 475 1313 adimpleat).
494 1256 507 1285 u
523 1232 576 1291 liic
587 1239 685 1290 tamen
697 1247 757 1289 non
771 1238 905 1299 tenetur,
919 1228 976 1289 nisi
989 1230 1136 1293 confessor

122 1336 136 1366 a
160 1312 192 1373 id
203 1307 340 1376 ialuerit.
356 1320 402 1377 An
416 1314 486 1379 vead
498 1316 673 1375 satisfaciens
686 1334 740 1393 pro
754 1316 830 1386 alio,
843 1316 931 1375 simul
950 1334 1004 1393 pro
1017 1332 1050 1375 se
1067 1334 1137 1395 pos-

125 1420 140 1451 «
158 1399 217 1469 sit,
233 1398 283 1459 alii
299 1398 461 1475 ejunt‚olii
477 1392 658 1479 probabilius
675 1408 800 1477 negant,
813 1406 848 1457 ut
862 1395 950 1459 habet
961 1402 1013 1459 Sa.

159 1484 228 1543 tet.
240 1517 279 1528 -
293 1509 306 1536 ι
320 1486 349 1543 t.
361 1486 428 1545 Non
438 1483 600 1544 necessario
614 1484 755 1561 impletur
764 1491 833 1543 unte
845 1485 1099 1545 communionem.
1116 1510 1128 1539 a
1213 1518 1214 1521 =

120 1567 189 1646 (tlte
202 1564 397 1629 advertantur
410 1576 539 1649 quatuor
556 1568 771 1651 propositiones
786 1566 935 1630 damnatae
952 1568 989 1631 ab
1001 1566 1133 1631 Alexan·

119 1650 174 1713 dra
192 1654 283 1715 Vm.
294 1698 303 1727 ‚
313 1673 416 1735 raempe
429 1658 521 1734 Prop.
533 1654 581 1715 16.
599 1654 740 1715 Ordinem
753 1654 950 1733 praemittendi
961 1654 1133 1715 satisfactio·

119 1755 188 1797 nem
207 1738 382 1799 absolutioni
401 1739 519 1800 induxit
535 1758 594 1800 non
618 1738 720 1817 politia
734 1748 785 1797 aut
806 1738 952 1797 institutio
972 1738 1130 1810 Ecclesiae,

119 1822 169 1883 sed
183 1822 244 1902 ipsa
256 1824 364 1885 Christi
380 1826 427 1885 lex
440 1868 448 1897 ‚
461 1834 491 1885 et
507 1824 706 1905 praescriptio,
720 1824 827 1884 natust
839 1824 883 1882 rei
907 1822 1036 1901 idipsum
1057 1842 1132 1901 quo-

118 1909 275 1970 dammodd
292 1912 431 1971 dictante.
447 1914 540 1992 Prop.
561 1913 609 1973 17.
628 1912 683 1971 Per
702 1912 783 1972 illam
803 1910 919 1987 praxim
941 1929 1011 1972 mox
1032 1912 1132 1972 absol·
1213 1942 1214 1949 1

118 1993 206 2052 rendi
227 1993 300 2052 ordo
320 1997 503 2072 poenitentioe
526 2006 570 2057 est
593 1997 739 2058 inversus.
761 1999 853 2078 Prop.
872 1997 919 2056 18.
941 1998 1130 2058 Consuetudo

118 2075 260 2140 moderna
283 2079 379 2157 quoad
406 2080 691 2140 administrationem
721 2081 894 2142 sacramenti
922 2083 1128 2158 poenitentiae,

117 2164 232 2224 etiamsi
250 2183 316 2225 earn
336 2164 534 2243 plurimorum
553 2163 712 2226 hominum
735 2174 879 2225 sustentet
898 2167 1077 2234 auctoritas,
1099 2179 1130 2228 et

117 2249 204 2313 multi
217 2251 357 2329 temporis
372 2249 553 2310 diuturnitas
561 2249 734 2327 confirmat,
746 2247 940 2311 nihilominus
951 2249 988 2309 ab
1002 2251 1128 2312 Ecclesia

116 2352 177 2396 nan
196 2332 323 2395 habetur
348 2353 498 2415 pransu,
518 2336 570 2396 sed
594 2353 649 2414 pro
668 2335 773 2396 abusu.
794 2337 885 2414 Prop.
907 2335 957 2394 11.
986 2335 1127 2414 Sacrilegi
1213 2379 1214 2386 1

115 2428 184 2479 sunt
195 2418 345 2496 judicandi
364 2419 415 2498 qui
425 2419 475 2496 jus
493 2419 531 2479 ad
549 2420 789 2480 communionem
812 2417 1031 2498 percipiendam
1051 2437 1128 2496 prae·

115 2503 258 2581 tendunt,
280 2511 439 2583 antequam
461 2504 637 2584 condignam
657 2503 695 2566 de
723 2503 808 2564 dietis
830 2504 891 2562 suis
917 2503 1127 2580 paenitentiam

114 2590 252 2669 egerint).

153 2675 221 2736 tet.
236 2706 276 2721 -
291 2700 304 2729 ι
317 2675 436 2752 Quaeres
449 2696 457 2736 a
472 2674 544 2750 Quis
556 2673 761 2753 penitentiam
774 2673 864 2752 possit
878 2680 1081 2750 commutare,
1095 2685 1127 2736 et

112 2761 285 2840 quomodo?

156 2868 170 2896 a
189 2846 279 2923 Resp.
299 2847 329 2906 1.
355 2848 398 2906 Ex
414 2844 494 2924 justa
518 2865 604 2906 causa
626 2845 723 2924 quivis
749 2844 882 2906 sacerdos
906 2843 937 2904 id
962 2851 1080 2920 potest,
1100 2847 1125 2903 si

113 2955 125 2982 1
148 2930 186 2990 de
205 2948 282 2990 novo
298 2931 325 2990 ei
339 2931 525 3001 confiteatur,
539 2940 573 2990 ut
584 2928 673 2990 habet
688 2929 853 2991 communis
864 2930 1127 3000 sententia‚contra

112 3039 124 3066 n
149 3017 252 3076 Sotum
265 3022 295 3074 et
314 3017 465 3094 vasquez,
479 3017 583 3075 saltem
595 3016 621 3075 si
641 3025 756 3100 peccata
779 3033 839 3074 non
859 3015 919 3072 sint
941 3021 1090 3072 reservata
1113 3037 1121 3070 :

111 3125 123 3152 1
150 3099 210 3162 11111
229 3100 318 3161 etiam
336 3099 528 3180 probabiliter
538 3101 654 3162 etiarnsi
672 3095 1124 3174 1111111111111,1111111111·

111 3209 124 3236 a
148 3183 242 3248 autad.
263 3210 276 3239 a
1055 3204 1059 3208 ·

146 3293 160 3320 u
179 3271 267 3346 Resp.
280 3273 309 3329 2.
328 3269 398 3330 Sine
418 3288 492 3334 nova
514 3270 688 3330 sacramenti
704 3269 958 3329 administratione
979 3273 1077 3344 potest
1091 3267 1125 3327 id

109 3372 122 3398 a
146 3351 225 3409 solus
234 3353 436 3430 sacerdaa,qui
447 3353 587 3430 injunxit,
596 3351 1015 3415 siadhuerecordeturstatum
1025 3353 1126 3430 peani-

107 3450 120 3477 1
145 3433 235 3491 tentis
248 3476 255 3504 ,
270 3443 301 3494 et
319 3434 369 3495 hie
387 3437 423 3495 ad
438 3456 506 3500 eum
519 3446 652 3498 recurrat
665 3449 796 3516 tempore
813 3449 877 3500 turn
889 3438 992 3508 brevi,
1009 3447 1043 3496 ut
1057 3455 1126 3498 mo-

105 3530 119 3558 ·
143 3511 246 3570 naliter
270 3516 350 3575 idem
367 3517 516 3594 judicium
536 3522 650 3582 censeri
671 3523 782 3601 possit,
805 3541 835 3582 v.
857 3541 887 3602 g.
907 3524 986 3580 intra
1006 3519 1126 3582 hebdo-

106 3608 119 3637 1·
145 3591 271 3650 modam.
288 3601 379 3658 Hem.
394 3609 423 3659 et
440 3601 497 3662 alii
506 3607 556 3677 1.,
572 3605 634 3666 imo
652 3615 760 3685 etpost
775 3607 898 3686 longius
915 3606 1123 3668 intervallum,

829 3873 846 3906 ἱ
