2450 3975
157 188 217 251 398
398 187 464 253 tib.
480 190 510 251 6.
526 192 667 252 tracti.
682 192 727 251 De
741 188 924 272 penitentia.

193 289 352 353 Dubitatur
361 292 391 351 ὅ.
405 290 485 365 Quid
497 293 523 351 si
538 292 726 353 confessarius
738 309 792 351 nec
807 294 975 354 meminerit
991 296 1084 359 statice
1095 315 1147 378 pm

155 374 297 448 nitentis,
317 394 372 436 nec
390 377 574 455 ponitentiae
588 376 743 453 injuncte,
756 376 807 437 sed
828 376 943 438 tentiam
965 380 1047 459 quod
1065 388 1149 461 qroeni-

154 461 276 521 tentiam
287 462 482 540 imposuerit?
491 460 586 521 adbuc
603 460 659 521 hoc
672 480 739 521 casu
750 460 854 522 dicunt
864 463 952 524 Scor.
965 468 1035 527 etS.
1047 468 1148 532 Anne.

151 542 276 625 meme.
299 544 370 609 Pol.
390 546 475 628 opud
495 547 584 609 croix
600 564 633 607 ιι.
649 548 752 617 llio„
764 547 917 621 sufficere,
933 552 958 609 si
974 550 1151 618 memoretur

152 628 327 708 imposuisse
336 633 548 711 penitentiam.
561 631 618 691 Sed
630 628 699 691 huic
717 650 778 693 non
795 634 964 709 acquiesco,
978 639 1049 714 quia
1062 658 1150 703 sacer·

150 714 225 789 (loe,
238 717 312 779 dum
330 719 504 778 sententiam
517 716 645 795 profert,
661 716 749 777 debet
768 716 922 777 eliormarc
932 718 1082 798 judicium
1101 729 1150 788 sal·

152 810 215 861 lem
231 802 270 864 de
282 811 360 863 statu
371 803 556 863 consricntice
568 803 751 879 poenitentis.
767 804 841 863 Casu
854 803 924 865 verb
938 822 998 884 quo
1014 812 1149 873 consessa·

151 886 216 947 rius
226 906 287 948 non
296 888 483 966 impowisset
493 888 715 965 penitentiam,
727 904 782 948 nec
793 886 916 949 haberet
929 908 1009 951 nunc
1021 897 1163 957 notitiam

150 972 255 1032 saltem
266 973 415 1033 conlatum
427 972 521 1032 staltis
533 972 723 1051 penitentis,
735 990 797 1031 non
812 973 920 1050 poterit
936 976 1058 1052 quidcm
1078 982 1150 1043 liciti

149 1054 363 1117 absolucionem
384 1057 550 1135 impertiri,
564 1066 599 1116 ut
613 1056 693 1117 recte
705 1056 807 1117 dicunt
825 1059 907 1138 Luqo
926 1078 959 1118 ιι.
974 1062 1042 1123 libb.
1068 1067 1151 1128 Croe'c

148 1159 182 1201 ιι.
196 1144 519 1223 teterrimum
531 1138 601 1203 eliis
619 1143 712 1221 auprd
723 1141 787 1215 cit,
803 1144 874 1221 quia
886 1152 957 1203 ωηο
974 1165 1034 1207 ηοη
1059 1160 1150 1227 posset

147 1229 373 1289 convenientem
394 1230 548 1307 imponere
563 1230 779 1306 poenitentiam.
793 1228 823 1285 Si
853 1237 953 1288 tamen
972 1240 1046 1292 ωηο
1061 1235 1147 1297 absol·

147 1315 337 1384 ructuant
356 1314 538 1375 copiosiore
552 1314 584 1372 in
604 1312 773 1388 communi,
796 1311 893 1373 validi
912 1314 1098 1395 absolveret,
1121 1328 1150 1381 ut

148 1396 255 1541 taff.
266 1418 293 1458 e.
306 1400 338 1458 9.
352 1416 386 1458 ιι.
399 1400 429 1458 d.
440 1397 475 1457 ιἰι
482 1396 561 1478 fiee,
574 1404 604 1457 et
614 1398 703 1458 Cror'oe
713 1393 736 1457 l.
750 1416 776 1457 c.
789 1416 857 1458 cum
871 1400 1000 1477 Aversa,
1013 1397 1149 1487 Illsunq„
1206 1418 1207 1509 p

146 1488 176 1541 et
228 1500 302 1542 orto.
1206 1514 1207 1529 ι

184 1568 253 1627 5113.
272 1600 312 1612 -
336 1592 351 1620 ι
370 1568 459 1645 llerp.
480 1570 511 1629 5.
529 1567 608 1627 llarb
630 1566 714 1627 obeat
733 1566 861 1627 delectus
880 1586 916 1629 ex
938 1577 1026 1647 parte
1042 1576 1150 1635 conica-

146 1676 161 1705 ·
183 1654 277 1725 sarii,
303 1654 329 1715 si
356 1654 502 1733 poenitem
529 1670 599 1712 eum
626 1652 845 1731 inculpabiliter
874 1656 1010 1731 ignorat3
1030 1660 1100 1735 quia
1121 1661 1150 1721 in

145 1760 161 1787 ι
184 1740 364 1800 contemnor
385 1738 519 1817 sequenti
540 1738 812 1800 absolveturctianr
834 1738 871 1799 ab
892 1740 947 1812 iis,
960 1738 978 1801 l
991 1742 1101 1821 quibus
1121 1762 1150 1804 se

145 1847 160 1876 ι
183 1822 262 1885 boni
275 1824 336 1885 ide
348 1824 517 1885 absolutum
535 1824 667 1903 putabat.

528 1989 611 2051 Unde
623 1986 767 2052 resolvet:

181 2189 201 2220 ι
220 2163 269 2234 is,
283 2159 336 2242 qni
347 2158 467 2240 ipuero
482 2169 634 2238 peccatum
644 2160 762 2238 aliquod
778 2180 881 2240 grave,
894 2181 926 2223 v.
936 2179 965 2241 g.
981 2163 1149 2240 mollitiem,

141 2270 157 2302 ι
180 2247 401 2328 inculpabiliter
421 2246 539 2318 omisit,
555 2245 604 2305 vel
625 2246 695 2323 quia
715 2247 829 2324 putarit
841 2249 904 2308 leve
918 2251 1063 2320 esse‚vel
1084 2253 1153 2313 nul-

139 2361 155 2388 ·
177 2335 259 2408 lum,
275 2352 336 2394 non
354 2329 421 2393 ided
443 2341 561 2392 tenetur
586 2341 722 2409 repetere
740 2331 797 2391 alia
826 2340 941 2410 peccata
959 2333 1018 2412 (vel
1036 2337 1152 2397 confes—

139 2445 154 2474 »
176 2421 274 2480 sionee
291 2416 504 2495 intermedias),
516 2417 565 2476 scd
575 2415 631 2476 hoc
643 2415 775 2488 tantum,
786 2427 821 2477 ul
832 2418 938 2478 docent
948 2420 1027 2478 Bon.
1038 2421 1150 2482 Soncb.

138 2531 153 2559 ι
177 2507 241 2566 1.1.
260 2501 283 2564 l.
296 2505 325 2563 1.
339 2519 364 2562 c.
376 2503 425 2561 lu.
444 2503 534 2582 Vosq.
546 2502 581 2562 ιἰι
594 2503 623 2561 1.
632 2521 666 2582 p.
685 2509 708 2562 1.
726 2502 798 2581 l.·q.
813 2503 863 2564 ab.
875 2501 1021 2578 Sanctus,
1039 2507 1148 2586 haym.

138 2589 224 2668 qbic
249 2609 316 2670 cop.
331 2588 376 2660 9.,
396 2587 523 2659 addens,
548 2587 574 2646 si
599 2588 725 2666 simplex
751 2589 900 2661 rusticus,
924 2587 976 2664 qui
1000 2590 1064 2649 total
1088 2593 1148 2652 vitd

136 2705 150 2732 a
173 2675 290 2739 tantiun
304 2677 371 2736 lecit
384 2675 577 2735 consessiones
595 2676 746 2754 generales
760 2717 768 2747 ‚
782 2674 859 2734 nihil
874 2674 1018 2734 confitens
1032 2676 1064 2735 in
1085 2693 1148 2756 spc-

136 2789 150 2817 »
172 2764 236 2836 cie,
256 2780 310 2822 nec
322 2761 408 2820 aliter
429 2761 590 2820 instructus
602 2761 729 2836 sit‚etsi
742 2759 838 2820 valide
857 2760 883 2820 is
907 2761 946 2818 sit
966 2759 1147 2831 absolutus,

137 2871 151 2902 ι
173 2864 243 2908 οιιηι
265 2863 372 2917 onere,
397 2855 434 2905 ut
451 2844 520 2906 ciam
540 2843 648 2906 meliis
668 2845 862 2924 cognoverit,
883 2845 982 2906 omnia
1007 2843 1149 2923 subjiciat

135 2958 148 2988 a
174 2929 306 2992 clavibus
317 2953 327 3008 ς
340 2933 364 2990 ai
377 2938 476 2990 tamen
490 2933 608 3004 veniat,
629 2931 748 3009 quando
768 2931 872 3008 ingens
890 2939 934 2990 cst
950 2929 1034 3007 copia
1054 2932 1147 3009 poeni·

133 3045 147 3072 a
172 3017 319 3088 tendum,
335 3025 369 3075 nt
389 3025 460 3075 tunc
472 3015 587 3094 disponi
606 3034 667 3075 non
682 3017 773 3093 possit
789 3015 826 3074 ad
845 3014 945 3074 omnia
960 3015 1145 3091 repetenda,

133 3129 146 3156 ι.
169 3119 254 3182 posse
272 3118 342 3161 eum
360 3099 488 3173 absolvi,
503 3099 611 3159 auditis
633 3109 733 3159 tamen
749 3100 873 3178 peccatis
894 3099 931 3158 ab
947 3099 1053 3158 ultima
1075 3117 1147 3160 con-

133 3215 146 3244 ·
169 3187 404 3258 lessionclactis,
418 3203 486 3245 cum
498 3185 676 3263 obligatione
689 3229 697 3258 ‚
712 3195 746 3246 ut
759 3183 865 3245 melicis
875 3185 969 3244 iaciat.
981 3185 1025 3242 lta
1037 3187 1143 3264 Laym.

132 3301 145 3326 ι
168 3269 233 3334 i.c.
249 3273 317 3340 cll.
339 3272 414 3331 aab
435 3267 505 3330 Vide
519 3268 614 3328 Dion.
625 3288 656 3350 p.
672 3271 702 3330 5.
714 3276 736 3329 t.
756 3272 787 3329 1.
806 3288 832 3329 r.
850 3271 917 3330 108.
937 3269 989 3328 ubi
1006 3270 1093 3330 addit
1111 3287 1146 3330 cx
1206 3341 1207 3346 η

130 3381 142 3407 ι
166 3357 246 3414 Νου.
263 3354 346 3433 Syia.
361 3356 471 3414 Becco.
490 3355 578 3434 Vosq.
593 3353 699 3432 licqio.
721 3361 743 3414 t.
765 3357 795 3414 1.
811 3350 833 3413 i.
852 3355 882 3414 u.
896 3371 919 3413 c.
933 3353 961 3412 5.
977 3359 1047 3412 sect.
1064 3355 1095 3412 5.
1111 3372 1143 3414 ιι.

128 3460 141 3484 ι
167 3439 233 3493 155.
247 3437 375 3496 etlocu.
388 3436 515 3513 Sourio5
529 3437 608 3514 qubd
623 3437 676 3494 clsi
694 3455 729 3496 ex
749 3452 852 3498 errore
872 3435 1013 3514 culpabili
1035 3447 1147 3498 morta·

126 3539 139 3566 ι
163 3517 251 3588 liter,
267 3529 419 3594 peccatum
434 3521 506 3594 tale,
521 3539 551 3579 v.
565 3540 595 3599 g.
610 3521 765 3595 mollitiei,
781 3523 827 3582 vel
842 3539 1001 3580 numerum
1015 3523 1145 3585 aliamue

125 3618 128 3619 ⁷
162 3596 413 3659 circumstantiam
433 3607 626 3663 necessariam
638 3605 771 3665 omiseris
783 3649 791 3679 ‚
803 3623 864 3666 non
885 3603 952 3666 idcd
964 3607 1080 3667 tcneris
1104 3625 1147 3666 re
