2450 3975
181 203 256 283 Cap.
270 202 300 263 2.
313 197 719 263 ocntnoocooctcrottc.
730 198 810 265 Dab.
824 202 854 261 t.
871 200 936 265 Art.
953 204 983 265 ι.
1057 204 1095 267 tr

96 311 119 364 ct
129 300 226 367 iinon
244 296 435 383 improbabile
447 308 536 381 putot
550 303 638 363 conc.
648 318 684 382 p.
696 302 764 362 407.
775 319 810 363 ιι.
827 302 877 363 42.
893 300 999 383 Ibique
1009 301 1096 365 odiit

96 405 150 447 om
163 390 254 467 Vosq.
268 386 375 446 Dicet
387 384 499 447 Lennd.
513 384 565 449 boo
572 384 709 467 permitti
718 384 806 447 etiarn
816 384 953 465 diowno,
970 385 1044 468 φιίιι
1057 404 1095 447 ιιι

94 470 201 531 canitic
213 471 339 531 Nicone
352 487 419 529 coo.
434 470 484 531 ib.
505 468 539 533 ici
549 468 578 533 ci
596 468 776 531 conoeditm.
796 469 929 535 ronan
946 469 1096 535 oontiadit

94 552 273 635 disciplinam
287 552 461 616 hodiernam
473 555 508 617 in
519 554 573 617 boc
585 552 777 635 spectandam
786 553 870 633 aaa).

123 644 186 701 259.
199 674 240 687 -
255 664 269 694 n
285 640 350 699 Dixi
369 642 400 701 2.
425 636 472 701 oei
483 637 696 722 prioilcpiorm
721 640 809 720 quate
831 638 942 701 babent
963 640 1092 723 religiosi

92 748 104 779 ι
124 728 339 795 mendicantes,
355 733 386 785 et
399 726 577 787 nominatim
597 725 752 787 Societatis
771 726 859 794 iesu,
872 742 910 785 ex
921 722 1016 788 Pauli
1028 730 1093 790 111.

93 833 104 863 ι
123 812 219 884 Bulla,
244 820 274 873 ot
291 810 437 882 aliorum,
457 818 492 869 nt
509 810 663 871 scilicetin
685 810 747 871 suis
765 808 885 888 templis
907 827 961 888 per
981 828 1031 883 se,
1046 812 1094 873 rel

91 918 102 947 ι
123 914 172 973 par
184 898 257 957 alios
272 894 436 955 sacerdotes
458 894 521 954 illic
542 894 723 956 celebrantes
741 895 960 956 communicare
981 896 1094 974 possint

90 1002 102 1031 ι
122 998 322 1058 quoscumque
332 978 441 1039 Christi
457 980 576 1051 fideles,
591 986 790 1057 preterquam
804 980 837 1038 iu
850 978 955 1039 mortis
969 980 1093 1041 articulo

90 1086 101 1117 ι
123 1066 163 1142 [in
179 1082 240 1143 quo
259 1071 377 1136 tamen,
394 1064 419 1124 si
435 1072 520 1142 urget
532 1065 686 1125 necessitas
697 1107 706 1137 ‚
718 1063 910 1141 presumitur
921 1060 1093 1126 ratihabitio

90 1171 102 1199 ι
122 1150 220 1227 Papae,
234 1148 326 1210 etiarn
345 1149 441 1209 invito
456 1151 606 1227 parocho,
630 1156 664 1207 ut
688 1147 778 1207 habet
788 1148 868 1208 Bon.
884 1144 956 1225 hic),
971 1157 1002 1209 ct
1017 1149 1093 1209 sesto

90 1256 102 1287 ι
122 1233 273 1311 paschali.»
279 1234 331 1311 (Et
341 1241 550 1315 preterquam,
563 1234 590 1294 si
597 1232 762 1311 Episcopus
774 1228 992 1292 rationabiliter
999 1228 1095 1294 elicto

88 1319 310 1380 communionem
324 1316 500 1398 probibent).
517 1342 531 1371 a
545 1315 618 1380 Vide
632 1312 721 1375 Cori.
736 1313 863 1393 dobapo
877 1310 899 1373 ἱ.
919 1332 946 1375 c.
959 1332 986 1375 s.
1006 1318 1038 1377 2.
1057 1337 1090 1377 ιι.

89 1422 102 1452 ι
122 1404 167 1463 58.
179 1411 208 1463 ct
217 1404 268 1463 49.
284 1400 376 1463 Porrb
386 1419 438 1479 por
452 1402 559 1462 festum
573 1398 720 1461 Posobotis
732 1399 888 1459 Pontifices
897 1396 945 1459 bic
955 1399 1093 1461 ridentur

88 1508 101 1537 ι
121 1487 301 1567 intelligere,
315 1496 344 1547 et
357 1486 515 1563 prohibere
528 1486 770 1547 communionem
789 1485 892 1554 iilam,
906 1485 963 1563 qut
987 1486 1092 1549 satisfit

87 1592 100 1625 ι
122 1583 262 1651 precepto
276 1589 382 1632 annuae
395 1572 631 1643 communionis,
643 1578 678 1631 ut
688 1569 797 1631 docent
809 1570 863 1639 So,
875 1565 1090 1631 Fiiictcornnr.

87 1657 174 1717 »Per
197 1658 304 1719 mortis
330 1657 489 1717 ortioulum
511 1656 690 1733 intelligitur
704 1664 839 1733 tempus,
860 1672 920 1730 quo
944 1654 1093 1715 velmors

86 1762 100 1793 ι
122 1741 252 1818 proximi
274 1743 385 1817 instat,
401 1751 431 1803 et
445 1742 597 1803 moraliter
609 1748 688 1799 certa
709 1747 741 1799 et
765 1738 945 1799 inevitabilis
962 1746 1007 1799 est
1015 1782 1028 1815 ‚
1044 1740 1092 1800 voi

86 1848 101 1880 ι
121 1835 232 1905 quoest
244 1828 546 1905 mortispericutum
561 1827 647 1887 idest
666 1822 818 1902 probabile
830 1822 1005 1885 dubiumdo
1022 1825 1092 1887 rita

86 1934 100 1965 ιι
121 1913 353 1987 conservatione,
367 1912 417 1973 tali
431 1930 520 1985 casu,
541 1929 601 1991 quo
619 1909 706 1969 ualde
722 1909 895 1989 frequenter
916 1927 996 1969 mors
1015 1910 1091 1973 solet

86 2020 100 2052 ιι
121 1999 258 2060 accidere.
271 1999 361 2062 Scor.
374 2006 397 2058 ι.
408 2001 439 2060 4.
460 1995 495 2060 dc
506 1994 560 2060 rei.
575 1994 628 2059 bb.
639 1997 669 2058 2.
689 2013 716 2057 a.
736 1996 766 2058 5.
777 2002 806 2056 ct
821 1996 852 2054 5.
862 2012 896 2075 p.
910 1993 942 2058 ci.
956 1997 1006 2058 26.
1017 2013 1044 2059 o.
1055 1998 1087 2058 4.

86 2105 99 2136 ιι
123 2083 225 2146 etalii.

120 2172 185 2232 240.
200 2202 239 2216 -
257 2194 271 2226 a
290 2171 333 2232 Ex
356 2170 444 2232 dictis
463 2169 618 2241 resolves,
640 2165 720 2247 qubd
740 2167 889 2246 regulares
912 2161 993 2230 ticttc
1014 2168 1088 2232 dent

86 2276 100 2307 ιι
121 2254 329 2317 Eucharistiam
346 2255 380 2321 in
391 2255 518 2318 articulo
529 2254 654 2328 mortis,
668 2251 714 2315 utl
725 2262 756 2314 et
768 2253 801 2312 in
812 2249 950 2312 Poscbote
961 2268 1088 2331 sequen·

87 2358 101 2390 ι
122 2340 195 2402 tibus
207 2340 321 2402 casibus
333 2360 343 2397 ε

124 2448 137 2478 ι
156 2426 182 2487 ι.
202 2425 233 2486 Si
248 2432 379 2488 extrema
399 2425 438 2486 sit
459 2423 630 2499 amenitas,
645 2430 680 2483 ut
697 2422 723 2484 si
742 2420 927 2501 periclitetur
939 2419 979 2484 dc
993 2421 1089 2486 alote

86 2529 99 2560 ιι
119 2517 235 2570 eterna.

123 2619 136 2648 ιι
155 2597 183 2657 2.
203 2596 234 2656 Si
253 2594 292 2656 sit
310 2594 408 2673 gravis
427 2593 600 2669 necessitas,
615 2593 704 2654 idest
718 2591 874 2672 probabile
887 2589 992 2651 mortis
1007 2592 1088 2668 peri·

85 2701 98 2732 ι
118 2681 230 2750 culum,
252 2688 283 2740 et
307 2681 454 2759 parochus
474 2679 570 2754 nolit,
593 2679 643 2738 vel
660 2695 722 2737 uon
744 2675 837 2752 possit
851 2673 932 2734 dare
950 2671 1038 2735 Cori.
1050 2673 1087 2760 cic

85 2784 98 2814 ι
119 2765 196 2846 bocpo
211 2763 242 2826 d.
264 2765 313 2824 18.
334 2780 360 2824 s.
380 2767 410 2825 2.
428 2781 462 2824 ιι.
480 2765 530 2826 55.
546 2786 560 2815 ι
584 2759 673 2840 (Com
684 2762 775 2824 ncnc.
790 2776 816 2819 o.
831 2759 861 2820 4.
875 2776 908 2842 q.
920 2759 950 2820 2.
968 2776 996 2819 r.
1013 2759 1044 2822 2.
1057 2767 1088 2823 et

82 2844 231 2924 pluribus,
248 2855 352 2912 contra
368 2844 508 2929 aliquos).

122 2933 182 2994 ab.
202 2933 232 2994 si
255 2932 458 3006 vaontifice‚
483 2933 530 2994 vel
550 2931 696 3011 Episcopo
717 2927 846 2992 habeant
866 2925 1081 3008 privilQium:

84 3037 96 3068 ι
116 3017 268 3172 meme
280 3027 416 3115 tempore
434 3015 546 3115 babent
564 3017 806 3162 ιιιῐςίἓξὶιιιὶᾳιὲι
824 3013 1001 3160 opiibusdam
1013 3014 1083 3076 locis

83 3120 96 3150 ι
206 3121 264 3164 rsco
287 3121 313 3163 rs
333 3119 575 3164 communroncm
620 3120 649 3161 as
715 3118 764 3161 em
800 3117 838 3158 an
874 3141 883 3158 .

120 3121 233 3248 ab.pSi
253 3122 320 3266 obsis
340 3187 374 3246 iu
394 3184 532 3247 Pascbate
549 3121 618 3248 nori)
629 3187 721 3264 possit
736 3186 770 3245 in
781 3201 834 3244 sua
846 3177 985 3262 parocbia
1002 3197 1085 3245 com-

84 3291 96 3320 ι
117 3273 283 3345 manicare,
303 3288 359 3331 noc
378 3279 480 3349 patere
503 3273 622 3333 veniam
639 3267 810 3349 iparocbo.

120 3379 133 3408 ιι
151 3357 180 3417 b.
199 3356 230 3416 Si
248 3356 365 3418 ratione
380 3358 597 3418 communionis
616 3353 759 3434 paschatis
779 3348 925 3431 parochio
937 3366 999 3412 sue
1013 3351 1085 3415 autb

84 3459 95 3488 ι
115 3441 324 3520 satisfecerint,
346 3448 398 3498 aut
422 3448 523 3518 postca
539 3438 712 3502 satisfacturi
734 3444 899 3514 putentur,
919 3436 989 3514 quia
1011 3445 1083 3496 tunc

84 3544 95 3573 ιι
116 3524 245 3604 parochis
267 3523 345 3584 nihil
361 3524 496 3597 decedit,
519 3523 588 3586 cium
613 3524 678 3603 ipso
701 3521 750 3581 dia
770 3518 915 3581 Pasobatis
935 3520 1082 3582 obstinere

84 3630 94 3660 ι
115 3608 131 3670 t
151 3611 357 3680 conmunione
375 3611 499 3688 possint.
517 3633 529 3664 ι
545 3609 607 3688 (lto
621 3605 754 3674 Socra.
768 3602 1016 3668 72.o.5.1’ot.c.
1032 3605 1093 3666 19..
