2450 3975
376 267 872 355 Cap.l.Decoclritionc.llob.t.
925 293 926 298 ¹
999 277 1004 284 “
1050 272 1118 333 293

112 374 196 459 opud
212 374 302 437 croix
314 390 347 436 ct.
362 373 431 436 73l.
443 417 452 442 ‚
462 389 565 453 nempe
576 389 638 434 aon
656 369 792 452 expedire
803 371 1051 452 comparationem
1067 389 1118 431 er·

111 459 245 543 plicitum
256 456 334 519 inter
344 463 493 537 peccatum
505 453 609 518 etalio
620 453 720 525 molo,
734 473 764 516 se
774 453 1008 531 deleminondo,
1020 453 1119 534 potiris

113 545 202 622 quom
215 548 364 632 peccatum
374 584 383 611 ‚
394 536 496 620 etiqcre
504 536 565 628 ltere
575 535 658 598 molo
671 536 705 631 in
718 535 898 619 particulari
903 563 914 614 ,-
931 547 959 628 ct
970 539 1052 630 tanto
1067 539 1120 600 mi·

113 619 172 680 aris
182 615 284 698 clepere
294 615 462 696 infernale,
472 632 544 693 quaa
555 613 713 676 secondom
717 622 888 696 presentem
899 619 954 676 Dec
966 613 1120 696 proceden-

112 703 203 779 tium,
221 698 438 779 calmicianus
452 697 492 758 sit
507 695 671 758 destinatus
682 697 721 758 iis
734 698 788 776 qai
799 705 870 758 sant
879 698 995 780 firmati
1011 698 1044 758 in
1054 716 1119 780 pec·

111 793 176 848 coto
186 793 388 867 peretemom
400 781 500 842 odiam
516 785 715 864 repellerem,
732 780 892 864 incompacti
906 782 992 845 tomo
1012 780 1052 843 od
1073 781 1119 844 oi-

112 868 238 930 taodam
248 876 398 950 peccatam
416 863 534 947 eliperet
553 863 725 942 internam,
745 864 780 926 in
792 883 851 946 qao
872 884 933 929 oon
948 873 1119 948 possetcao·

111 955 182 1015 aire
194 955 260 1014 siae
272 950 411 1036 peccato.)

155 1062 168 1090 u
189 1039 219 1099 8.
235 1038 292 1111 Qui
307 1054 367 1098 uon
378 1035 443 1096 vult
454 1033 618 1096 occasiones
634 1034 785 1112 proximas
806 1033 974 1115 peccandit
994 1052 1025 1096 se
1036 1053 1118 1096 omo·

110 1145 125 1176 s
149 1121 217 1194 liri,
237 1121 285 1181 rel
304 1138 364 1181 nou
380 1121 532 1180 remittere
546 1135 582 1178 ex
596 1119 711 1194 animo,
729 1116 776 1178 vel
798 1135 858 1178 non
871 1118 1043 1194 restituere,
1066 1127 1118 1180 aut

110 1231 126 1260 s
148 1206 329 1280 satisfecere,
348 1205 456 1284 quibus
472 1204 578 1275 debet,
596 1203 644 1263 rel
660 1221 719 1263 uon
734 1201 822 1263 habet
834 1203 955 1264 formale
965 1203 1044 1282 (licit
1053 1223 1119 1283 pro·

110 1315 125 1346 a
148 1287 364 1351 habilitercum
374 1283 525 1370 Lepcis.
539 1295 607 1349 sect.
624 1289 653 1348 5.
669 1287 775 1366 Lcym.
798 1287 891 1347 Dion.
911 1288 1003 1364 aliqui
1019 1288 1118 1348 dicant

111 1399 126 1430 ι
150 1375 277 1436 virtuale
295 1375 327 1435 in
347 1375 525 1436 contritione
545 1371 703 1432 universali
724 1372 871 1432 inclusum
891 1372 1045 1445 sufficere,
1061 1374 1119 1434 sal·
1190 1427 1200 1439 .

111 1483 125 1514 ι
149 1466 211 1519 tem
220 1458 343 1538 'quando
354 1475 414 1518 non
426 1458 555 1518 occurrit
565 1457 703 1536 cogitatio
713 1455 750 1516 dc
762 1457 887 1535 peccatis
899 1457 1037 1536 vitandis]
1048 1475 1118 1536 pro·

111 1569 125 1598 a
151 1543 281 1621 positum
295 1551 411 1622 peccata
428 1543 564 1603 mortalia
580 1540 711 1620 (quaudo
735 1542 805 1602 talia
817 1541 985 1617 confitetur)
1004 1543 1117 1602 vitandi

111 1650 125 1682 ι
149 1627 269 1699 efficax,
289 1627 321 1688 id
349 1634 412 1695 est,
430 1644 499 1686 cum
525 1642 586 1704 quo
607 1639 676 1686 'non
702 1627 794 1705 possit
817 1626 974 1686 consistere
998 1625 1118 1686 allectus

111 1736 125 1767 e
150 1710 271 1770 actualis
289 1728 358 1788 erga
378 1708 499 1787 aliquod
520 1709 667 1776 mortale.
692 1726 753 1770 non
779 1717 824 1769 est
839 1709 1017 1770 sufficienter
1032 1709 1118 1768 attri-

111 1821 126 1849 s
149 1803 208 1856 tus.
217 1794 303 1856 Ratio
311 1802 367 1865 est,
377 1795 446 1871 quia
456 1811 516 1854 nou
528 1803 573 1853 est
582 1792 670 1854 dolor
681 1801 712 1854 et
720 1792 874 1853 detestatio
882 1793 994 1864 efficax,
1006 1794 1117 1872 quippe

110 1904 125 1933 s
148 1896 217 1939 cum
228 1895 288 1956 quo
303 1879 395 1956 possit
407 1884 485 1937 stare
496 1878 633 1938 voluutas
652 1875 810 1954 peccandi,
828 1893 881 1936 nec
904 1878 928 1937 is
951 1897 981 1938 sc
997 1897 1032 1939 ex
1054 1886 1116 1940 toto

110 1989 125 2019 s
149 1961 237 2024 eorde
248 1961 394 2024 convertit
407 1961 444 2022 od
460 1963 570 2034 Deum,
593 1961 740 2022 detestans
754 1970 906 2042 peccatum
923 1980 1011 2042 super
1026 1979 1116 2025 omne

109 2074 124 2109 a
147 2046 328 2109 detestabile.
337 2046 427 2107 Scor.
440 2046 638 2126 Fermloym.
648 2042 670 2106 l.
686 2048 715 2107 6.
727 2048 805 2108 ceo.
816 2065 841 2108 c.
851 2049 878 2108 l.
895 2046 1035 2128 Dionop.
1051 2050 1081 2107 5.
1094 2054 1115 2109 t.

109 2159 123 2187 a
148 2134 177 2193 t.
192 2150 220 2192 r.
239 2131 307 2191 tlt.
327 2138 380 2191 etc.
394 2147 540 2191 commun.
553 2131 589 2191 Et
609 2128 677 2191 licet
699 2132 759 2192 sola
782 2132 906 2193 venialia
928 2134 1115 2202 confitearis,

111 2244 124 2272 s
147 2215 257 2278 teneris
272 2225 370 2277 tamen
382 2216 457 2276 sicut
474 2216 626 2285 dolorem,
643 2217 684 2277 ita
698 2218 786 2278 etiam
802 2219 984 2296 propositum
995 2262 1002 2287 ‚
1012 2220 1116 2281 sallom

109 2328 123 2356 s
147 2298 445 2443 virtualc‚lcireailla
462 2298 583 2363 habere.
598 2297 688 2361 Cerci.
713 2298 749 2361 de
768 2302 851 2381 Lupo
864 2298 895 2361 a.
921 2302 967 2360 tc.
989 2309 1056 2360 scot.
1083 2302 1113 2362 8.

109 2411 123 2440 a
149 2386 216 2445 cett.
230 2393 286 2445 eto
301 2383 334 2444 ii.

153 2493 167 2523 a
185 2470 215 2529 9.
230 2467 336 2528 Redire
356 2467 433 2546 saepe
445 2486 513 2528 cum
526 2467 630 2527 eodem
650 2468 768 2539 mortali
782 2485 842 2529 uon
856 2478 898 2529 est
909 2478 1023 2531 cortuum
1037 2470 1114 2532 indi·

109 2580 122 2605 »ι
147 2555 226 2613 cium
241 2551 341 2622 deesse
352 2554 554 2629 attritionem3
570 2552 626 2612 etsi
640 2554 679 2611 sit
692 2568 796 2631 magna
812 2555 1003 2632 presumptio
1016 2600 1024 2624 ,
1039 2568 1115 2633 praa⁴

108 2663 122 2689 a
146 2638 247 2697 sertim
260 2635 291 2695 in
304 2636 340 2696 iis
351 2636 403 2714 qui
413 2634 733 2715 coguncnroonfiterlt
748 2634 939 2712 parentibus,
955 2640 1112 2717 magistris,

109 2748 122 2775 n
145 2732 217 2796 etc.;
234 2721 305 2780 item
327 2720 359 2779 iu
373 2722 432 2791 iis,
453 2720 506 2798 qui
531 2719 687 2797 aliquoties
710 2718 816 2779 moniti
836 2720 1026 2784 concubinam
1053 2742 1113 2785 non

110 2810 123 2858 i
146 2812 297 2882 separant,
315 2811 366 2863 aut
387 2802 604 2864 restitutionem
629 2820 690 2863 non
706 2804 836 2876 iaciunt,
863 2806 969 2883 quibus
990 2809 1113 2886 proimla

106 2912 121 2943 a
146 2888 290 2949 absolutio
305 2885 466 2947 differenda
480 2894 545 2959 est,
558 2886 616 2947 nisi
633 2886 664 2947 id
685 2894 752 2947 ectu
765 2896 914 2966 prestent.
928 2890 1112 2972 Quamquam

106 2996 120 3024 a
145 2971 258 3049 possint
270 2988 332 3031 esse
343 2970 398 3030 alia
408 2972 492 3049 signa
503 2970 566 3030 reri
580 2969 690 3031 doloris
700 3015 709 3046 ,
718 2989 749 3029 v.
760 2990 789 3049 g.
803 2971 828 3031 si
839 2972 932 3032 modia
944 2977 1111 3054 praescripta

107 3080 121 3109 s
145 3056 209 3120 siut
221 3053 372 3127 adhibita,
392 3055 556 3115 occasiones
573 3056 689 3125 vitatae,
715 3056 740 3118 si
764 3074 904 3119 numerus
925 3058 1111 3136 peccatorum

106 3164 120 3193 ι
145 3138 341 3208 imminutus,
361 3139 386 3198 si
408 3139 554 3217 poenitens
573 3138 697 3201 omnino
722 3151 848 3210 asserat,
866 3142 913 3202 cui
937 3140 1111 3221 plcricmquc

106 3249 119 3277 s
145 3222 223 3283 credi
237 3221 323 3281 dehet
335 3266 344 3295 ,
358 3219 426 3285 ciam
438 3224 502 3301 ipse
514 3223 551 3283 sit
564 3223 609 3283 sul
623 3233 790 3303 acocrsator,
805 3226 956 3296 defensor,
968 3234 998 3285 ct
1011 3227 1110 3304 testis3

106 3335 118 3362 a
144 3326 202 3385 qua
217 3306 247 3365 in
264 3324 297 3365 rc
310 3324 384 3384 opus
403 3316 448 3368 est
466 3325 569 3386 magna
586 3310 742 3387 prudentia
758 3308 943 3380 confessarii,
958 3326 995 3369 no
1015 3312 1110 3386 preni-

54 3393 56 3395 ’
106 3421 119 3447 ι.
146 3399 256 3451 tentem
270 3390 425 3451 severitate
440 3400 569 3463 avertat,
584 3411 680 3471 nequo
693 3395 782 3453 etiam
798 3393 918 3451 lenitate
934 3392 1069 3467 seducat,
1080 3406 1110 3458 et

106 3504 119 3532 a
146 3482 262 3555 possm,
287 3486 446 3554 pereatque
460 3477 602 3537 camillo.
629 3478 718 3536 Siler.
736 3478 770 3535 in
782 3478 811 3536 5.
823 3495 855 3554 p.
875 3473 906 3535 d.
926 3476 974 3536 5⁹2.
989 3486 1056 3538 scct.
1078 3482 1106 3540 2.
1149 3489 1151 3493 ’

106 3585 119 3611 a
144 3558 252 3619 Sancti.
268 3555 288 3617 t.
305 3561 334 3618 ἰ).
353 3558 457 3620 indeo.
473 3580 498 3621 c.
516 3562 564 3620 52.
579 3568 608 3619 et
623 3558 644 3619 l.
666 3562 695 3619 5.
708 3578 732 3619 c.
757 3560 786 3618 6.
813 3556 900 3619 Caret.
912 3556 947 3617 de
958 3562 1032 3641 Laq.
1047 3559 1067 3621 l.
1081 3583 1106 3623 c.

106 3670 120 3697 n
146 3661 229 3703 aleran.
247 3644 313 3702 166.
328 3652 356 3703 et
367 3644 431 3706 too.
446 3653 545 3707 contra
562 3661 688 3723 quorum
702 3688 710 3719 ‚
723 3643 906 3722 aliorumque
923 3662 1108 3705 communem

891 3728 952 3787 ⁶25..
