2450 3975
261 158 559 279 capannore
573 194 781 259 euanescere.
795 196 876 262 noo.
891 201 922 261 a.
1053 199 1093 261 tr

92 322 105 352 a
125 295 231 374 idest,
245 314 349 358 succus
369 314 405 357 ex
422 295 488 356 uvis
507 297 675 357 immaturis
690 314 840 376 expressus
854 318 863 357 e
877 298 946 377 quia
971 315 1031 359 non
1046 306 1093 359 est

91 404 103 433 a
124 382 245 457 vinum,
266 380 368 442 sed-in
386 379 434 440 via
450 380 487 440 ad
502 380 625 453 viuum,
641 379 726 458 eujus
740 388 876 441 naturam
893 381 1028 444 nondum
1044 382 1092 442 in·

92 489 104 519 ι
125 466 188 526 duit
198 487 207 543 3
218 465 365 543 habetque
378 483 429 543 se,
446 465 522 526 sieut
533 483 625 526 massa
635 466 725 526 cruda
734 476 867 544 respectu
879 468 973 545 panis.
983 468 1090 546 Loym.

91 545 146 610 ni.
167 552 284 614 544.
308 566 334 611 o.
357 551 389 609 2.
411 567 445 611 a.
465 552 493 610 5.
511 558 541 610 et
562 551 592 611 6.
615 552 740 611 Sueeum
754 559 857 610 tamen
874 551 986 612 exavis
1000 550 1092 629 passis

13 638 19 701 ,¹
90 658 103 687 a
124 650 292 718 expressum
318 634 546 709 consecrabilem
577 652 641 695 esse
660 644 746 713 putat
766 637 876 695 From.
896 635 988 696 nme.
1009 630 1094 717 opud

90 742 103 773 a
123 718 216 780 Dion.
228 738 260 801 p.
275 720 306 781 7.
317 738 343 779 e.
355 722 405 802 42.
413 736 439 778 r.
450 721 482 803 6.
499 718 535 779 eo
556 718 637 797 quod
654 736 759 780 verum
775 720 815 781 sit
834 720 1012 779 vinumttl.
1025 722 1092 779 Aee·

89 828 101 857 a
124 812 203 879 tum,
215 804 297 883 quod
308 812 352 865 est
360 805 465 864 vinum
478 803 710 865 substantialiter
719 811 905 883 eoa-ruptum.
916 801 995 865 leid.
1006 801 1093 876 Quod

14 886 15 931 ἐ
89 915 102 944 ι
123 890 146 949 si
164 897 232 967 post
246 889 448 967 sumptionem
459 884 532 967 (imo
552 890 642 951 etiem
662 899 731 951 ante
752 907 836 961 eam,
858 898 925 967 post
941 904 1093 949 conseera-

89 996 101 1025 ι
124 974 233 1035 tionem
245 974 353 1051 catinis)
365 974 490 1035 dubium
501 973 772 1046 incidat‚ttaeritne
782 983 963 1043 aeetam‚an
973 974 1091 1048 vinum,

89 1083 101 1113 ι
121 1076 182 1121 asse
198 1059 439 1137 praesumendum
455 1057 535 1137 quod
555 1058 646 1120 suerit
660 1060 785 1129 vinum,
802 1058 888 1119 docet
910 1056 1012 1119 Tomi.
1026 1054 1048 1118 l.
1059 1060 1091 1118 9.

13 1210 16 1234 Ι
89 1143 223 1223 »repert
243 1141 349 1222 saeris.
370 1162 395 1205 e.
415 1144 446 1203 8.
466 1166 479 1195 ιι
503 1139 571 1221 (Sed
587 1143 656 1204 vide
671 1162 742 1205 mox
762 1141 886 1205 dicendo
908 1140 1094 1223 attendenti

14 1252 16 1262 ¹
89 1226 282 1307 adnotatione)
303 1253 317 1282 ιι
337 1229 387 1288 tv.
408 1228 495 1299 Uvoe,
516 1244 568 1286 seu
590 1229 696 1287 vinum
712 1232 791 1289 intra
808 1246 880 1287 uvas
896 1234 1091 1297 contentum,

89 1336 101 1365 n
123 1313 168 1373 vel
181 1312 356 1373 imbibitum
369 1313 402 1373 in
417 1310 475 1371 offa
492 1310 593 1388 penis,
610 1309 676 1370 tiam
691 1312 760 1389 quia
771 1329 831 1370 non
844 1320 906 1370 tam
926 1317 971 1369 est
986 1318 1090 1387 patus,

89 1418 101 1447 a
124 1396 212 1475 quim
229 1396 410 1474 eibus3ti1m
429 1396 499 1473 quia
519 1412 623 1455 succus
640 1396 691 1455 ille
710 1413 771 1456 non
790 1394 900 1455 dieitur
917 1389 1036 1471 proprie
1047 1392 1092 1453 vi·

88 1508 100 1535 a
122 1500 216 1556 aum,
235 1480 331 1542 donee
346 1481 386 1541 sit
406 1489 659 1557 expressus5tum
678 1480 748 1559 quia
767 1480 799 1539 in
812 1486 937 1539 eostntu
949 1493 1010 1537 non
1022 1476 1092 1537 satis

87 1593 100 1620 a
121 1567 292 1629 adsensum
315 1566 535 1629 demonstratur
547 1582 600 1643 per
623 1566 761 1627 sormam.
779 1563 868 1625 θανά.
882 1562 917 1624 de
931 1560 1049 1645 hored.
1059 1562 1090 1623 4.

87 1679 99 1705 n
122 1672 152 1713 n.
170 1652 219 1713 tt.
231 1658 261 1711 et
270 1653 319 1711 tu.
330 1651 436 1728 leym.
450 1656 502 1709 eto.
517 1650 554 1709 V.
567 1651 640 1727 Sapa
653 1694 661 1721 ‚
674 1668 726 1709 seu
742 1650 910 1720 defrutum,
926 1648 956 1708 id
969 1654 1013 1707 est
1026 1664 1091 1706 mu-

13 1788 14 1804 .
87 1762 99 1789 a
120 1747 199 1799 stum
213 1737 250 1797 ad
268 1735 423 1815 dimidium
435 1752 486 1795 seu
505 1735 755 1814 tertium-partem
770 1734 922 1794 decoctum
932 1776 941 1805 ‚
953 1732 1092 1810 quianon

87 1828 163 1882 aest
185 1819 314 1900 emplius
329 1820 454 1891 vinum,
472 1835 527 1879 nee
548 1827 655 1898 potus,
677 1819 728 1879 sed
745 1819 838 1879 cibus.
861 1819 939 1877 Boo.
954 1814 976 1876 l.
993 1817 1089 1877 e.V1.

86 1930 98 1957 a
120 1908 192 1965 Lora
204 1949 213 1978 ‚
227 1905 259 1966 id
281 1911 325 1965 est
340 1921 414 1981 eque
428 1904 569 1981 expressis
580 1903 671 1964 acinis
681 1904 843 1984 superfusa.
858 1898 930 1962 sut.
946 1908 968 1961 t.
981 1902 1011 1962 4.
1020 1919 1044 1962 e.
1057 1901 1087 1961 5.

86 2019 98 2046 n
123 1991 215 2053 Card.
230 1990 355 2071 deludo
371 1987 401 2050 d.
416 1989 444 2049 4.
460 1997 528 2050 sect.
544 1991 572 2049 i.
586 2010 620 2052 o.
630 1991 660 2050 9.

13 2105 14 2110 ¹
119 2077 249 2156 adverte
262 2094 329 2153 quse
344 2074 382 2133 de
398 2071 444 2132 his
459 2071 606 2134 hahentur
624 2077 657 2135 in
681 2074 776 2136 Ruhr.
797 2075 935 2145 mesatis,
951 2072 999 2134 tit.
1013 2075 1044 2134 4.
1056 2092 1089 2133 a.

86 2164 113 2222 t.
125 2161 159 2222 Si
180 2158 287 2221 dorem
309 2157 351 2219 sit
369 2155 482 2238 foetum
500 2157 620 2238 penitis
642 2169 773 2232 eretum,
793 2157 840 2220 ool
857 2158 976 2238 penitis
991 2157 1092 2238 putri-

84 2246 173 2319 dum,
190 2241 238 2304 oei
255 2243 291 2305 de
308 2243 375 2303 uois
395 2241 521 2316 acerbis,
535 2260 587 2304 eeu
606 2262 667 2304 oon
688 2243 817 2306 motoris
836 2260 1024 2323 eoepmeum,
1047 2236 1093 2300 oei

83 2332 109 2390 ei
123 2329 292 2391 admixtum
314 2333 431 2387 tontum
450 2343 538 2405 oquoe
553 2371 561 2400 ‚
576 2335 612 2388 ut
631 2327 735 2390 vinum
755 2328 797 2390 eit
818 2335 1003 2408 corruptum,
1027 2341 1090 2385 ooo

83 2413 235 2492 conficitur
243 2417 469 2494 soorooueotuoa.
480 2412 649 2473 Notandum
663 2422 761 2473 autem
773 2411 854 2490 quod
866 2412 969 2471 viuum
981 2409 1016 2472 de
1026 2408 1093 2473 uuio

85 2498 191 2561 acerbis
205 2507 276 2558 tune
293 2506 338 2556 est
353 2495 488 2573 ineptum
501 2539 510 2568 ,
521 2497 640 2572 quando
652 2498 764 2558 nullam
780 2496 870 2558 habet
879 2497 1006 2574 speeiem
1016 2496 1090 2568 vini,

84 2589 116 2642 ut
133 2579 220 2643 docet
231 2583 273 2641 D.
290 2578 345 2640 Tin.
360 2581 390 2640 5.
407 2597 439 2660 p.
454 2597 507 2661 qu.
520 2581 569 2641 74.
581 2589 640 2640 ort.
658 2583 688 2641 5.
706 2580 747 2642 od
769 2584 810 2642 5:
821 2581 873 2640 ubi
889 2581 949 2639 ait:
968 2582 1092 2658 dorestu

12 2723 16 2742 ,
83 2673 125 2727 est
137 2665 171 2726 io
186 2663 239 2726 vio
253 2661 473 2746 uenerationis,
486 2671 515 2724 et
533 2663 597 2724 ideo
611 2663 745 2724 ooodaim
764 2663 851 2726 hotot
866 2661 990 2745 eperum
1008 2661 1073 2723 oioi
1079 2705 1089 2736 ,

83 2757 110 2810 et
125 2757 247 2831 propter
263 2746 316 2809 ooo
334 2746 369 2808 de
383 2765 418 2808 eu
429 2763 491 2807 ooo
501 2755 598 2828 potest
611 2745 776 2826 eoofieiisoo
786 2753 1013 2809 momentum.

10 2872 14 2917 :
117 2833 222 2910 Quoad
231 2832 337 2914 uinmn
347 2840 446 2893 eutem
458 2840 591 2904 acetum,
608 2831 634 2892 si
651 2840 719 2910 post
735 2833 983 2894 consecrationem
996 2847 1092 2892 saeer-

83 2917 132 2978 dos
142 2919 307 2996 prudenter
317 2915 433 2977 dubitat
446 2959 454 2988 ‚
468 2933 507 2976 an
518 2917 624 2978 vinum
634 2918 725 2979 tuerit
734 2935 838 2978 verum
849 2927 979 2990 neotum,
989 2915 1092 2977 dieunt

87 3000 230 3065 Tamb.de
241 3003 325 3064 Saer.
340 2998 428 3062 Mira.
439 2996 460 3061 i.
471 3003 501 3062 2.
516 3019 542 3062 o.
551 3003 581 3062 8.
593 3000 621 3080 §-
631 3005 660 3064 5.
672 3023 704 3064 n.
715 3006 745 3064 6.
759 3004 882 3084 etSpor.
896 3021 923 3062 o.
936 3003 967 3062 5.
978 3020 1010 3062 a.
1022 3001 1092 3063 tot.

9 3105 18 3174 ¹·
83 3088 126 3146 eui
136 3085 409 3147 adhoerentBusut
419 3084 517 3164 supet,
527 3089 698 3149 etMuzzot.
709 3095 732 3148 t.
746 3090 775 3148 5.
786 3089 888 3167 otte.
899 3085 1092 3163 judicandum

82 3171 169 3231 tuisse
180 3171 336 3231 materiem
351 3177 467 3249 aptam,
484 3168 550 3231 tiam
562 3172 631 3249 quia
645 3172 783 3250 possessio
792 3179 849 3230 stat
861 3188 917 3248 pro
929 3168 1091 3229 substantia

83 3255 165 3332 vini3
184 3252 250 3316 tirm
275 3254 429 3333 quianon
454 3263 498 3316 est
520 3256 701 3316 turbandum
726 3255 901 3318 sacrificium
925 3253 991 3330 sine
1012 3261 1093 3314 eerto

9 3360 12 3379 ·
82 3338 282 3400 fundamento.
296 3339 508 3399 Verumtamen
520 3344 562 3400 Lo
576 3341 667 3400 Croiae
686 3337 709 3404 t.
727 3341 756 3400 6.
772 3358 807 3420 p.
820 3341 851 3399 2.
869 3355 900 3396 o.
915 3337 982 3397 555.
997 3339 1091 3416 Posq.

84 3441 132 3502 qo.
146 3425 216 3488 501.
229 3431 259 3484 et
271 3424 383 3484 Averso
394 3441 443 3503 qu.
455 3425 503 3484 tt.
514 3441 539 3486 s.
553 3426 601 3484 46.
613 3423 694 3484 reete
703 3432 822 3485 censent
828 3421 1021 3500 supplendam
1031 3439 1093 3482 esse

9 3527 10 3531 ¹
85 3509 331 3570 consecrationem
348 3507 448 3581 illam,
464 3526 503 3569 ne
523 3507 702 3569 sacrificium
714 3509 900 3585 relinquetur
913 3508 944 3567 in
958 3507 1090 3585 periculo

84 3611 143 3658 non
163 3593 359 3674 integritatis,
376 3601 477 3656 eontra
490 3601 671 3674 praeeeptum
682 3593 805 3658 faciendi
822 3593 998 3735 surrigeium
1014 3591 1091 3650 into·
