2450 3975
336 214 411 297 cap.
425 214 454 275 a.
468 210 706 277 noannoeane.
721 170 801 277 noo.
814 215 845 275 a.
1029 218 1088 280 aaa

79 317 226 383 oonlessus
244 315 335 379 iueris
355 316 421 379 sine
440 317 592 396 proposito
613 316 748 391 formali,
769 335 829 379 non
845 317 955 380 toneris
977 319 1089 381 aonios-

79 406 193 466 sionem
213 410 371 481 repetere3
392 403 485 481 quin,
507 410 571 463 esto
594 400 782 464 communitis
804 420 865 463 non
888 403 974 463 liceat
995 421 1089 463 saera·

80 496 216 549 mentum
230 488 379 566 suscipere
392 505 460 546 oum
474 486 614 565 opinione
626 504 693 563 quoe
704 486 812 547 nonsit
827 486 977 547 moraliter
991 496 1088 557 certo,

81 589 120 632 ne
135 580 351 633 sacramentnm
365 578 529 647 exponatur
544 570 675 649 periculo
688 569 884 630 irustmtionia
895 591 905 646 3
917 578 1014 630 tamon
1029 588 1091 631 non

81 657 191 719 toneris
206 666 343 738 repetere
363 657 596 726 consessionem,
619 656 644 714 si
662 654 856 733 probabiliter
874 654 969 717 validd
985 674 1015 715 es
1028 654 1091 733 jam

82 742 244 816 confessus,
262 741 329 805 erint
344 741 498 821 praelntum
517 740 683 820 perieulum
701 747 772 799 tune
785 758 846 799 non
865 738 991 818 amplids
1004 740 1089 801 adsit.

79 825 282 890 Nihilominus
307 843 361 888 nee
388 826 477 885 etiam
502 825 586 885 valeo
617 822 687 883 huie
710 825 863 884 sententie
889 825 1091 902 acquiescer03

79 914 180 984 ratio,
206 912 274 990 quia
301 910 370 971 oiim
396 909 492 989 primo
517 908 619 987 opinio
645 908 683 968 sit
706 906 885 968 sufficienter
907 909 1089 987 probabilis,

78 996 230 1075 poenitens
248 996 298 1073 qui
315 1011 436 1073 gravem
454 994 570 1070 eulpam
583 1001 614 1051 et
629 1000 738 1051 certam
756 993 954 1073 perpetravit,
972 1000 1091 1053 tenetur

78 1079 120 1139 de
137 1098 170 1139 oa
192 1080 405 1141 consessionem
428 1078 566 1157 explere,
589 1093 650 1138 non
672 1074 788 1138 tantiun
809 1075 1023 1155 probabiliter,
1039 1075 1089 1138 sed

77 1167 171 1227 eliam
189 1165 268 1227 oertd
288 1165 415 1225 validam
430 1162 483 1243 (l).

86 1288 89 1295 ·
120 1252 190 1311 itt.
212 1282 250 1295 -
266 1250 415 1323 Quaeritur
428 1251 467 1308 ll.
483 1248 624 1321 Quaenam
645 1248 705 1309 sint
725 1246 909 1309 conditiones
930 1247 1091 1309 neeessarid

78 1334 231 1412 requisitae
248 1333 284 1392 ad
303 1333 509 1413 propositum?
520 1329 574 1391 liic
586 1341 655 1391 ante
669 1332 767 1393 omnia
782 1332 1012 1401 advertendum,
1025 1348 1091 1391 rem

76 1418 166 1478 valde
187 1416 336 1479 difficilem
358 1414 522 1493 essequod
542 1425 709 1493 peccatores
722 1415 893 1494 frequenter
911 1435 946 1476 ex
968 1434 1090 1476 eonsue-

79 1502 188 1563 tudine
208 1502 240 1561 in
262 1500 397 1561 mortalia
418 1500 549 1561 labentes
566 1520 634 1561 oum
653 1517 725 1561 vero
748 1501 897 1580 proposito
920 1500 955 1560 ad
979 1500 1092 1561 oonies·

8 1599 10 1603 ·
80 1589 197 1648 sionem
217 1586 376 1662 arrodant3
394 1594 575 1663 quapropter
595 1585 628 1645 in
649 1584 705 1646 hoo
725 1587 915 1647 confessarius
934 1585 1035 1647 sedulo
1048 1588 1091 1646 in·

79 1670 348 1740 contendebat,
373 1666 500 1730 maxime
523 1669 548 1729 si
571 1671 718 1748 poenitens
744 1672 832 1730 alieni
857 1672 929 1731 vitio
953 1688 1090 1748 magnam

80 1752 219 1816 babuerit
236 1753 444 1814 adboesionern.
457 1755 529 1813 Tres
544 1763 643 1813 autem
659 1762 729 1814 sunt
745 1754 926 1815 conditiones
938 1754 1000 1813 aeri
1018 1771 1091 1832 pro·

81 1840 189 1917 positi,
209 1856 316 1916 nempe
338 1846 372 1897 ut
392 1838 430 1897 sit
449 1837 590 1908 firmum,
610 1838 793 1910 universale,
809 1839 970 1898 eteiiieax.

121 1922 146 1981 l.
156 1922 342 2000 Propositum
352 1918 474 2002 firmant
488 1921 649 2001 importat,
663 1931 697 1981 ut
710 1922 854 2001 penitens
865 1922 970 1983 babeat
983 1923 1089 1984 volun·

80 2013 173 2096 talem
190 2006 312 2068 omnino
333 2007 525 2068 deliberatam
546 2024 606 2069 non
630 2008 801 2083 recidendi,
818 2017 848 2069 et
868 2010 906 2070 sit
928 2010 1027 2070 animo
1048 2012 1088 2072 ita

108 2135 142 2194 (l)
152 2133 216 2182 idem
229 2135 256 2183 S.
266 2134 401 2194 Alplooaaaa
411 2135 480 2183 docet
491 2136 529 2182 lob.
541 2135 562 2182 1.
575 2147 598 2182 n.
611 2137 648 2184 51.
660 2138 699 2185 lab.
710 2139 732 2185 θ.
746 2152 771 2186 a.
782 2137 804 2186 2.
815 2143 837 2185 et
854 2140 893 2185 lala.
905 2139 928 2186 d.
944 2153 968 2185 aa.
989 2139 1045 2185 ⁴32„
1062 2141 1089 2186 iaa

79 2202 144 2246 uoto.
156 2200 302 2247 Contrarium
317 2203 372 2248 rerd
382 2201 471 2248 alabilit
485 2201 625 2248 seutentiam
638 2206 664 2248 a'n
678 2205 746 2250 Hora.
758 2216 796 2262 ap.
808 2209 839 2249 tr.
851 2204 887 2248 16.
904 2217 928 2246 aa.
937 2203 974 2248 26.
987 2211 1024 2247 ast
1033 2205 1087 2249 ciam

79 2270 186 2318 conatae,
200 2272 321 2314 auctorem
340 2281 445 2326 magnam
461 2268 573 2314 Moralem
588 2283 636 2327 prae
651 2276 716 2314 teatu
737 2271 806 2313 Hom.
825 2281 864 2324 op.
883 2281 977 2326 temper
991 2280 1088 2311 rorasse

78 2341 179 2390 eamque
196 2330 220 2375 in
230 2331 280 2380 diea
297 2331 326 2376 ad
340 2331 410 2379 finem
422 2332 474 2377 riter
490 2346 565 2392 neque
580 2333 717 2379 emendatae
727 2331 839 2391 pquodde
850 2333 921 2377 noea.
935 2345 973 2388 ap.
987 2331 1033 2376 diei
1044 2345 1088 2376 oe-

79 2395 149 2454 quit).
160 2395 211 2455 ipae
222 2396 306 2457 utique
314 2397 390 2442 textui
399 2399 468 2444 Hom.
478 2410 517 2456 op.
528 2398 675 2457 praeferenda
686 2413 714 2444 ao
729 2397 828 2459 proinde
844 2397 866 2440 iu
881 2398 1008 2456 quaetione
1029 2411 1089 2456 prae·

59 2509 62 2514 ,
77 2460 139 2506 senti
150 2461 266 2509 sententia
277 2463 381 2508 auetoria
392 2462 415 2508 in
430 2477 512 2522 magna
525 2463 608 2508 ldorali
624 2463 723 2510 tenenda
738 2471 783 2508 eat.
794 2462 868 2520 objici
879 2470 958 2522 postet
969 2481 975 2507 a
987 2477 1016 2506 ea
1031 2462 1088 2522 ipsit

77 2523 201 2586 prinoiplia
220 2527 324 2574 aua-toria
338 2526 468 2587 opinionem
484 2527 629 2586 probabilem
646 2542 692 2572 raon
712 2526 868 2572 adhibendam
883 2526 978 2588 quidem
996 2541 1048 2572 oeae
1062 2528 1087 2572 in

76 2591 228 2650 auaeeptione
243 2600 457 2647 sacramentorum,
467 2601 504 2639 aet
512 2600 660 2639 sacramento
668 2599 778 2652 auaeepto
787 2623 794 2646 ‚
803 2592 910 2636 ataoduna
920 2605 972 2636 oeae
982 2590 1005 2634 in
1015 2592 1088 2638 dubio

77 2667 123 2714 pro
134 2655 214 2702 valore
228 2658 307 2708 aetna.
323 2657 424 2718 ideoque
435 2658 459 2702 in
476 2671 502 2704 re
516 2659 625 2716 praeelati
635 2658 805 2704 eoeleeeionem
818 2654 972 2715 probabiliter
988 2655 1087 2703 relidam

77 2732 124 2764 nen
135 2733 187 2766 esee
197 2720 358 2782 repetendam.
370 2722 416 2769 Sed
426 2722 540 2774 dicimus.
551 2722 643 2781 quodsi
654 2722 700 2768 hoo
712 2722 793 2767 vei-um
802 2721 877 2773 foret.
891 2719 1005 2768 immuuea
1016 2722 1087 2768 etiam

75 2784 232 2832 ev'ederemue
245 2788 259 2832 d
270 2786 400 2847 repetenda
417 2786 577 2840 confessione,
587 2801 638 2847 qnae
655 2787 718 2832 facte
734 2785 818 2831 iniaaet
832 2799 905 2845 penes
918 2786 1085 2832 oonieaaarium

73 2848 265 2907 jaariadietionem
284 2853 374 2897 tantum
393 2852 538 2911 probabilem
559 2853 699 2903 habentem.
712 2851 777 2911 qood
798 2853 855 2897 eane
872 2851 949 2897 nullus
966 2854 1086 2899 moralista

75 2926 123 2960 non
142 2914 244 2974 negabit.
258 2916 343 2962 Procul
357 2916 430 2962 dubio
445 2917 539 2977 quidem
548 2918 662 2963 atandnm
679 2931 723 2978 pro
738 2917 818 2963 valore
832 2917 916 2970 actua,
927 2919 982 2964 eiam
999 2917 1037 2964 lex
1054 2920 1087 2964 ait

75 2976 214 3039 adimpleta.
225 2980 271 3024 ino
283 2981 442 3028 confessiones
453 2982 577 3042 preterita
592 2997 638 3028 non
646 2990 702 3028 aunt
713 2983 861 3043 repetenda,
872 2983 965 3042 quoties
975 2997 1020 3028 oon
1029 2996 1085 3028 oon·

76 3049 138 3095 atet,
148 3042 211 3101 ipsae
228 3044 299 3090 iuiaae
310 3045 435 3098 invalidae,
451 3053 487 3091 nat
501 3045 539 3092 blo
555 3048 634 3105 agitur
644 3062 687 3092 nee
701 3048 731 3094 de
746 3046 867 3093 terrendia
884 3047 975 3106 legibue
993 3061 1037 3092 nee
1054 3047 1086 3093 de

76 3105 183 3153 bonitate
193 3115 289 3154 aetouna
303 3109 479 3168 suscipientium
492 3119 637 3157 aeoramenta
654 3111 802 3170 dijudicanda
809 3144 816 3168 ‚
823 3112 865 3158 aed
875 3110 905 3157 de
915 3119 998 3156 natura
1009 3124 1086 3156 arara·

75 3170 151 3218 menti
170 3185 213 3217 eeu
232 3172 263 3220 de
279 3173 381 3232 quadam
404 3175 549 3234 proprietate
571 3175 728 3235 probabiliter
746 3191 776 3222 ex
789 3178 845 3236 jure
870 3175 919 3220 div.
936 3175 966 3218 ad
982 3175 1085 3221 valorem

75 3237 218 3282 aaeramenti
234 3237 355 3297 requisita.
366 3239 424 3285 lline
435 3240 460 3286 S.
473 3241 652 3297 Alplaonaaaala'd.
662 3242 685 3287 1.
696 3255 721 3288 aa.
726 3242 764 3288 51.
775 3242 846 3287 etiam
852 3239 923 3286 doeet
930 3238 1084 3301 eueeipieotea

74 3307 220 3346 aaerementa
237 3302 346 3362 opinione
358 3303 474 3364 probabili
484 3304 519 3349 uti
530 3319 575 3352 non
591 3320 673 3366 posse,
684 3306 845 3353 miniatrorum
854 3305 927 3349 irater
936 3333 943 3357 ,
952 3301 992 3362 qui
1004 3311 1085 3348 tenen·

76 3369 117 3410 tur
134 3363 159 3408 in
181 3363 224 3410 tali
243 3379 298 3412 caan
317 3375 490 3415 recrementum
501 3375 620 3428 repetere.
632 3370 699 3416 Licet
708 3370 770 3415 enim
788 3376 844 3429 poet
857 3375 993 3426 aueeeptooa
1004 3379 1084 3413 eaere-

75 3435 181 3474 mentum
192 3431 282 3476 nullum
292 3432 355 3478 adsit
368 3433 500 3492 periculum
510 3433 638 3480 intaeta-andi
648 3442 831 3489 sacramentum,
842 3431 922 3492 opinio
931 3439 1009 3477 umen
1017 3434 1083 3479 mre

75 3493 206 3552 probabilis
216 3509 261 3542 non
271 3495 373 3556 efficiat,
385 3504 412 3545 ut
422 3513 445 3546 a.
456 3512 480 3558 a.
491 3499 606 3548 eonieaaio
612 3499 768 3560 probabiliter
776 3497 865 3554 talida,
875 3505 930 3557 poat
937 3496 1025 3546 taetram
1032 3496 1082 3555 iem

75 3557 291 3607 fiatcerteealida.
901 3617 950 3661 M·

118 3683 203 3742 Toto.
221 3683 274 3744 VI.
886 3686 926 3747 28
