2450 3975
109 197 168 258 rto
342 190 407 256 tit.
423 192 454 252 6.
472 193 569 253 itaet.
584 191 615 250 5.
631 189 675 250 De
685 185 887 252 Ettsltorisito.

111 319 126 346 7
149 286 310 356 Ecclesiam
325 288 361 352 dc
383 290 516 352 6777777.
542 286 614 350 dist.
632 290 662 348 t.
681 287 765 349 dccet
790 290 889 370 Proep.
911 287 1069 368 Quamvis,
1094 296 1120 354 si

111 402 126 431 c
149 377 233 458 pueri
248 385 385 456 parentes
396 375 456 437 sint
468 375 569 436 fideles
582 417 593 448 ‚
606 381 693 453 negat
701 373 791 454 Sayr.
804 371 878 436 tide
888 373 967 436 Boo.
978 373 1014 436 de
1023 373 1121 440 7777777.

110 489 124 518 a
148 471 177 524 et
188 471 280 525 77777.
293 461 325 524 d.
334 464 366 524 4.
380 481 411 542 q.
426 464 456 522 4.
466 479 497 540 p.
508 457 566 521 7777.

147 548 216 610 567.
238 579 277 594 -
302 572 316 604 ι
335 549 365 610 t.
386 547 442 606 Per
455 542 685 606 destructionem
707 539 840 606 Ecclesiae
855 561 892 606 ex
907 553 988 618 tcto,
1005 545 1052 608 vel
1063 564 1123 609 ma·

109 658 124 687 a
144 637 213 709 jore
231 640 316 714 parte
335 656 350 685 s
375 627 542 708 (Parietttm
567 624 613 690 777
634 635 751 690 cratete.
771 625 841 690 Pal.
866 647 899 712 p.
914 631 943 691 7.
959 649 1041 694 oum.
1069 634 1122 693 l8.

108 715 201 779 sitm.
214 725 253 780 tr.
266 719 296 778 t.
310 735 334 777 7.
351 718 380 776 4.
394 733 426 794 p.
440 714 470 773 7.
484 732 515 775 ae.
530 714 579 774 74.
596 731 664 774 cum
673 713 763 774 Scor.
778 713 885 794 Lopm.
898 721 927 774 et
944 718 1020 778 Bato.
1036 715 1124 796 icsrd

108 823 142 865 tt.
155 801 217 880 2.),·
241 827 256 856 o
275 817 453 879 quamquam
471 815 507 858 ec
527 816 595 858 cosu
614 797 729 857 dicatur
743 795 843 875 potitis
859 799 1011 872 execrari,
1030 798 1125 878 quim

108 913 123 941 a
147 887 241 967 pollui
252 908 262 964 ;
275 903 335 946 non
356 891 456 943 nutem
469 883 493 942 si
510 881 607 944 solium
631 889 762 953 tectum,
785 882 833 942 vel
848 882 873 942 si
893 884 1053 946 successive
1066 903 1123 964 pcr

108 997 123 1025 a
148 980 245 1050 partes
257 969 385 1030 modicas
411 966 604 1038 destruatur,
619 975 649 1028 et
667 965 829 1027 reficiatur.
846 991 863 1022 e
888 966 969 1046 (Etsi
989 965 1123 1030 Ecclesia

108 1062 170 1118 tcto
186 1060 351 1116 renovetur.
362 1047 512 1113 Poliba'd.
533 1047 629 1112 87777.
650 1049 670 1111 7.
683 1069 708 1112 7.
726 1069 759 1111 o.
774 1051 825 1112 76.
844 1069 911 1112 cam
923 1051 1005 1112 ivae.
1025 1053 1124 1114 Bcrb.

108 1145 160 1199 777.
178 1138 296 1198 77777777
323 1133 417 1198 Scine.
451 1133 524 1198 77777.
547 1135 580 1196 io
608 1135 670 1217 fine
693 1154 760 1196 77777
789 1134 880 1198 Gale.
899 1135 979 1215 quaid
1004 1133 1121 1216 polluta

106 1219 262 1296 Emissis,
286 1219 433 1304 polluitur
466 1215 557 1283 777777
585 1220 802 1298 777777777777,·
826 1217 877 1282 sed
902 1239 963 1282 oco
983 1223 1121 1302 control.)

112 1333 126 1362 7
146 1310 252 1388 Neque
272 1309 361 1371 etiem
388 1327 442 1387 per
464 1306 695 1375 desolationem,
718 1307 892 1366 exercitium
917 1303 1120 1381 haereticum,

107 1418 122 1446 a
144 1394 302 1472 spurcitias
318 1391 497 1463 hominum,
517 1392 566 1452 rel
586 1391 760 1456 animalium
786 1391 852 1451 istic
877 1391 1119 1462 stabulatcrnm‚

105 1500 120 1532 ι
143 1485 214 1548 etc,
230 1478 283 1538 etsi
302 1476 422 1547 deceat,
434 1485 465 1536 ct
477 1477 575 1554 praxis
589 1474 718 1547 habeat,
733 1483 768 1536 ut
783 1493 837 1554 per
854 1477 1030 1556 Episcopum
1046 1523 1054 1549 ‚
1070 1479 1121 1538 rel

105 1586 120 1617 e
143 1563 247 1624 saltem
272 1560 452 1622 sacerdotem
469 1577 538 1620 eum
568 1561 665 1638 aliqua
678 1560 862 1622 caeremonia
890 1562 1119 1636 reconcilietur,

105 1672 120 1701 c
144 1655 174 1709 et
190 1647 328 1708 abluatur
343 1643 447 1725 equod
462 1645 599 1708 insimili
617 1664 685 1707 casu
700 1646 830 1726 intellige
848 1645 886 1708 de
899 1637 997 1710 777777.
1008 1649 1118 1731 leym.

104 1756 118 1787 7
143 1729 165 1795 7.
180 1735 209 1795 tt.
224 1735 285 1795 tt.
302 1751 329 1793 7.
342 1734 372 1792 5.

144 1820 213 1878 568.
233 1849 271 1862 -ρ
296 1843 311 1871 a
329 1818 461 1891 Quaeres.
475 1815 554 1893 Quid
567 1815 629 1894 sit,
643 1823 673 1880 et
687 1815 804 1896 quando
822 1815 874 1878 677
889 1816 1052 1892 execratio,
1064 1836 1119 1884 seu

104 1926 119 1955 c
141 1904 329 1962 reseeretio‘i

146 2011 159 2041 e
180 1990 265 2063 ltesp.
281 1986 433 2048 Execratio
446 1986 573 2060 dicitur,
593 1984 662 2049 ciam
675 2003 722 2047 777
738 2004 818 2047 sacro
832 1985 929 2067 perdit
949 2004 1031 2049 suant
1045 2006 1121 2053 eon·

103 2096 118 2125 s
140 2071 334 2132 secretionem
349 2112 357 2139 ‚
371 2070 413 2129 777
427 2078 461 2129 77
479 2072 516 2130 de
537 2090 615 2132 novo
640 2073 804 2133 consecrari
825 2074 951 2146 debeat,
963 2073 1043 2152 quod
1061 2072 1118 2147 67,

102 2182 118 2213 r
140 2156 258 2237 quanda
271 2157 312 2218 ite
325 2154 510 2230 destruitur,
524 2166 558 2219 ut
576 2156 703 2217 formem
714 2200 723 2230 ‚
735 2166 765 2219 77
785 2174 873 2220 nsum
894 2175 982 2220 snum
997 2158 1115 2237 perdat.

398 2337 406 2343 ’
485 2324 567 2390 ttae
583 2322 729 2389 resolves.-

139 2535 179 2550 -
203 2528 217 2559 a
237 2505 268 2564 i.
281 2500 398 2565 Poliulsi
421 2498 570 2571 Ecclesid,
588 2499 701 2577 polluta
720 2500 809 2560 ctiam
835 2506 905 2559 sunt
928 2499 1030 2561 altorio
1048 2499 1116 2579 ejus

101 2612 115 2641 a
139 2588 221 2649 lixa:
241 2607 302 2649 non
324 2597 425 2651 tamen
438 2629 449 2660 ,
464 2584 600 2648 77777777
612 2584 765 2659 Ecclesii,
787 2593 963 2648 execrentur
985 2585 1117 2666 altaria,

101 2690 194 2732 onec
215 2672 330 2733 contri.

121 2788 176 2833 ·-
202 2779 215 2809 c
235 2758 266 2816 2.
284 2756 409 2816 Ecclesia
422 2765 592 2829 execratur,
603 2756 638 2815 »si
652 2754 776 2833 parietes
792 2753 954 2817 seeundum
968 2754 1115 2835 mojorem

101 2868 114 2897 ι
140 2849 252 2923 partem
270 2838 461 2901 destruantur
473 2885 482 2915 ,
495 2842 545 2900 vel
568 2841 670 2901 omnis
682 2858 784 2900 eorum
807 2850 924 2913 crustu,
944 2849 995 2900 eut
1016 2842 1116 2921 major

101 2954 114 2981 a
138 2928 240 2988 saltem
264 2942 332 3001 pars
356 2924 445 2983 simul
477 2925 640 2983 auferatur.
667 2922 754 2984 Sectis
779 2932 894 2997 eutem,
915 2923 939 2981 si
963 2940 1021 2981 une
1044 2938 1117 3003 post

27 3066 32 3075 .
99 3009 121 3068 ι’
138 3014 271 3073 alteram.
291 3004 362 3071 Vide
389 3009 472 3088 Eupo
491 3006 520 3068 cl.
537 3010 586 3068 20.
618 3028 651 3069 ae.
677 3010 726 3068 ott.
750 3032 762 3061 ι
788 3007 841 3086 (Ε7
855 3006 907 3068 777
924 3006 1042 3068 etiamsi
1056 3027 1117 3089 per

99 3091 256 3159 7777777777
269 3089 519 3155 hebdomadorum
535 3090 583 3152 777
594 3091 711 3152 dierum
722 3087 852 3153 Ecclesia
865 3098 925 3153 tcto
940 3106 1018 3153 7777
1033 3092 1110 3173 fiet,

62 3253 66 3258 ⁵
99 3190 134 3243 att
148 3184 237 3243 Sutor.
264 3176 369 3239 d.·8t.
387 3194 455 3237 7777.
478 3179 508 3237 ir.
524 3194 585 3238 777.
606 3179 634 3237 6.
647 3177 752 3255 tapso.
774 3195 800 3237 7.
822 3178 850 3238 li.
873 3196 907 3237 77.
927 3178 975 3237 76.
997 3184 1026 3239 77
1037 3176 1111 3240 Ρ77.

96 3282 129 3341 p.
149 3268 179 3324 8.
188 3284 228 3347 ,⁷2-
239 3267 285 3325 tt.
298 3282 363 3325 7777
373 3260 496 3343 8777777.
511 3264 567 3338 So,
580 3270 609 3323 et
621 3262 726 3339 77777,
742 3261 815 3342 quio
831 3280 1020 3345 quecumque
1035 3282 1110 3345 pots

98 3347 232 3406 7777777777
244 3358 345 3409 monet
363 3356 546 3426 7777777777,
562 3348 629 3410 crim
641 3347 740 3428 mojtls
756 3348 881 3432 clipeum
900 3349 1000 3413 777777
1022 3350 1062 3412 od
1079 3370 1112 3415 77

97 3424 198 3484 iniretis
215 3428 348 3507 dipsium.
362 3432 456 3515 quue
469 3432 618 3517 procedit,
644 3435 761 3496 77777777
783 3434 863 3497 adsit
886 3438 1004 3497 77777777
1018 3444 1110 3506 totam

96 3499 257 3565 Ecclesiam
268 3510 456 3592 destruendi,
469 3528 504 3579 ut
516 3524 562 3580 cit
579 3518 650 3583 Pol.
667 3517 689 3582 7.
704 3539 729 3581 7.
741 3538 807 3581 etam
819 3524 898 3583 Noc.
911 3523 1000 3581 Scor.
1014 3520 1107 3583 77777.

96 3585 162 3649 tivo
189 3585 262 3656 7777
281 3590 407 3659 intentio
426 3599 482 3661 illo
501 3622 561 3666 77777
588 3600 695 3687 officit,
718 3604 793 3685 quic
815 3603 989 3669 7777777777
1006 3604 1109 3687 perclo·
1214 3606 1215 3649 i

1213 1787 1215 1932 i

1214 3156 1215 3251 l
