2450 3975
144 192 205 255 758
377 187 442 251 tit.
455 188 486 249 6.
502 188 598 249 itaet.
618 188 646 247 5.
656 188 702 249 lle
717 185 918 251 176656676ιί6.

144 294 190 370 (ut
200 291 285 353 docet
299 289 397 370 trid.)
410 290 506 351 missa
520 286 696 349 sacrificium
706 287 785 349 idem
797 296 857 362 est,
869 290 924 351 etsi
936 290 1026 354 modo
1036 291 1156 357 diverso

144 376 298 443 oblatum,
322 392 391 437 curn
417 376 513 435 erucis
538 372 702 445 sacrificio,
724 373 804 452 quod
824 373 881 435 luit
899 374 1009 437 infiniti
1031 380 1155 442 valoris.

142 463 244 537 Quoad
264 463 403 523 ellectum
421 461 514 534 verd,
530 460 640 522 dieitur
658 458 716 521 hoc
732 460 908 523 sacrificium
929 479 993 525 csse
1013 463 1154 540 linitum,

143 565 203 608 non
216 549 279 627 jam
292 566 329 609 er
342 566 394 609 sua
410 546 616 617 institutione,
633 562 759 624 nempe,
775 554 810 606 ut
821 546 863 607 ait
876 548 971 625 prima
989 553 1155 625 6667667766,

144 634 214 709 quia
230 634 318 696 iuitl
337 631 451 693 Christe
467 630 500 690 in
515 647 551 691 co
568 630 783 691 determinatus
795 639 903 691 certus.
915 631 1024 710 366666
1047 636 1157 697 satisfa-

142 716 266 789 catonis,
279 718 328 781 scd
342 733 377 777 ex
388 716 473 776 linita
489 715 647 794 capacitate
659 713 816 775 hominurn
829 733 884 793 pro
897 716 1005 794 quibus
1017 718 1154 792 oliertur,

142 821 272 879 quorum
283 800 484 877 unusquisque
504 800 674 859 uberiorem
691 800 818 878 percipit
833 800 964 861 fructum
974 800 1059 878 juxta
1069 822 1156 865 suarn

143 896 174 947 ct
191 886 341 949 offerentis
357 883 600 962 dispositionem,
616 884 728 963 pariter
743 902 776 943 ae
793 884 884 945 etiam
902 884 960 945 luit
977 887 1155 949 sacrificium

144 973 262 1045 Crucis,
287 968 368 1046 quod
386 976 450 1029 esto
466 968 498 1027 76
517 986 625 1047 genere
647 968 851 1031 satisfactionis
868 969 958 1030 luerit
977 968 1089 1033 infiniti
1106 990 1155 1033 va-

144 1056 234 1123 loris,
251 1055 368 1115 nullum
389 1060 490 1113 766666
507 1062 574 1113 actu
592 1052 730 1113 ellectum
746 1054 778 1113 iu
794 1053 879 1114 nobis
891 1054 1043 1116 infinitum
1055 1074 1155 1135 opera·

143 1148 210 1215 tur,
230 1138 299 1199 erim
310 1154 343 1199 se
358 1136 464 1198 habeat
477 1154 533 1216 per
548 1136 672 1197 modum
685 1155 780 1197 causac
799 1138 972 1197 universalis
983 1151 1155 1219 supernatu-

143 1225 214 1284 ralis
238 1242 304 1301 quac
327 1231 467 1301 operatur
486 1222 570 1300 juxta
586 1220 786 1299 subjectorum
806 1222 1047 1300 dispositionemc
1066 1234 1155 1305 prout

144 1318 304 1389 operantur
326 1310 416 1370 etiam
434 1315 633 1379 sacramenta,
651 1325 739 1385 qaoe,
757 1304 827 1367 lieet
841 1307 989 1369 infinitam
1010 1310 1154 1371 virtutem

142 1395 288 1465 habeant,
311 1402 378 1456 actu
402 1402 504 1454 tamen
527 1390 654 1453 limitata
678 1392 850 1470 operantur.
872 1392 957 1453 Unde
971 1392 1057 1469 juxta
1078 1394 1155 1455 lianc

26 1482 31 1491 “
143 1481 321 1543 sententiam
337 1479 424 1539 missa
450 1476 535 1554 seque
554 1477 674 1553 prodest
689 1477 812 1556 singulis
834 1477 971 1554 pluribus
989 1479 1150 1559 applicata,

143 1567 213 1626 acsi
231 1565 283 1623 uui
296 1562 471 1640 applicetur.
486 1562 528 1621 lta
542 1568 646 1621 tenent
662 1560 773 1639 Gener,
788 1563 876 1623 Mea.
890 1568 961 1625 aaa.
979 1565 1008 1625 6.
1028 1581 1064 1643 p.
1085 1566 1152 1627 556.

144 1646 257 1714 idaim
281 1653 321 1706 to.
340 1648 370 1707 5.
393 1663 428 1727 p.
446 1646 516 1707 677.
534 1642 658 1705 lucaico.
673 1652 712 1707 ta.
726 1647 756 1705 7.
775 1663 809 1726 p.
826 1647 895 1709 575.
911 1643 1002 1709 conci.
1021 1648 1054 1708 7.
1072 1649 1151 1711 Patr.
1209 1708 1210 1713 ,

146 1746 187 1798 to.
203 1738 233 1796 5.
245 1752 280 1815 p.
298 1734 366 1792 577.
383 1747 415 1811 q.
435 1732 466 1793 8.
482 1727 523 1792 P‘
583 1736 605 1789 t.
619 1729 719 1805 iaaac
736 1712 950 1811 Propitiatorio
962 1728 983 1793 7.
1002 1733 1033 1794 l.
1052 1750 1085 1813 q.
1106 1735 1151 1793 ll.

150 1822 262 1881 75666.
283 1814 376 1877 arat.
400 1812 487 1878 ticet
565 1812 670 1895 666677.
692 1812 776 1875 mus.
798 1822 858 1874 art.
878 1817 909 1875 6.
930 1822 960 1877 ct
983 1814 1049 1897 ejas
1069 1817 1152 1879 Coat.
1209 1860 1210 1873 .

144 1900 277 1980 iiccap.
303 1903 334 1959 o.
361 1901 446 1959 Cone.
469 1908 491 1959 t.
518 1900 548 1961 8.
568 1918 603 1981 p.
626 1900 694 1961 577.
717 1917 752 1959 a.
772 1895 967 1965 51767676.
992 1903 1022 1961 7.
1045 1921 1079 1984 p.
1104 1903 1152 1961 77.
1209 1879 1210 1958 7

143 2005 177 2048 a.
195 1987 264 2046 570.
280 1981 420 2064 Wipaccdt
430 1990 515 2044 tract.
527 1985 576 2044 77.
587 2002 622 2045 6.
633 1984 680 2046 ta.
695 1984 773 2045 Bon.
784 2003 815 2064 p.
827 1984 856 2044 t.
872 2001 904 2044 a.
918 1986 947 2046 5.
963 1985 1054 2048 Graia
1062 1982 1114 2050 lib·
1122 1987 1152 2048 6.

143 2090 174 2152 p.
192 2071 223 2129 7.
237 2086 270 2128 6.
282 2069 330 2126 77.
339 2085 404 2128 cam
414 2067 504 2127 Scor.
520 2068 613 2149 Vaap.
625 2066 748 2148 8776667.
760 2076 788 2128 67
796 2065 890 2130 Satm.
907 2077 945 2130 tr.
959 2072 988 2130 ii.
998 2089 1023 2132 c.
1043 2073 1113 2151 5.p.
1122 2073 1150 2130 5.

143 2153 214 2219 dai.
226 2151 306 2215 6676.
327 2169 359 2212 6.
377 2153 425 2212 to.
439 2170 507 2212 cum
524 2153 623 2231 Cano,
639 2152 705 2233 Caj.
719 2154 798 2214 Noa.
815 2161 843 2214 et
861 2150 932 2215 aliia
948 2152 1101 2235 plurimas.
1117 2157 1152 2214 lit
1208 2161 1209 2204 l

143 2259 200 2321 pro
216 2237 271 2299 hac
287 2238 432 2298 sententia
448 2235 527 2299 clare
544 2248 588 2298 est
608 2239 698 2300 etiarn
716 2240 757 2298 Β.
774 2237 827 2299 Tic.
847 2240 877 2300 5.
895 2258 926 2318 p.
951 2257 981 2320 q.
1003 2239 1053 2300 79.
1072 2259 1103 2300 6.
1122 2240 1150 2299 5.
1208 2211 1209 2279 i

142 2325 195 2385 nbi
212 2325 253 2384 sie
266 2324 330 2382 ait:
354 2320 496 2396 Quamvis
512 2321 573 2384 566
590 2319 699 2384 oblatio
715 2339 752 2382 ec
768 2325 818 2384 sai
838 2324 1005 2403 qaacatitotc
1023 2319 1152 2404 sufficiat

142 2409 183 2471 ad
199 2405 443 2487 satisfaciendum
461 2425 518 2488 pro
547 2405 632 2470 6666·
653 2425 759 2488 pana,
779 2415 876 2468 taacea
895 2405 934 2486 fit
950 2405 1152 2488 satisfactoria

140 2512 197 2576 pro
216 2489 364 2572 illis,pro
385 2489 493 2569 quibas
509 2489 648 2570 offertur,
665 2488 712 2552 aei
729 2490 819 2554 etiam
830 2490 1034 2572 offerentibus,
1051 2508 1152 2558 66666·
1207 2537 1208 2597 7

140 2580 215 2643 daim
228 2576 427 2660 quantitatem
441 2594 505 2638 aaa
520 2575 700 2652 deuotionis,
713 2585 743 2638 at
756 2595 818 2638 aaa
837 2594 892 2657 pro
904 2584 966 2638 tota
976 2595 1077 2658 poeaa.
1093 2579 1151 2638 Nec

142 2667 199 2725 sibl
214 2665 388 2725 contradicit
397 2663 428 2722 S.
446 2663 555 2724 Ductor
569 2663 600 2722 in
616 2662 687 2724 loeis
701 2661 791 2740 sopri
810 2661 922 2740 citatis3
934 2679 1004 2722 narn
1018 2660 1070 2722 uhi
1081 2661 1150 2722 dicit

59 2768 65 2775 ·
142 2749 261 2807 missam
274 2748 382 2808 habere
402 2747 540 2808 ellectum
564 2746 813 2819 determinatum,
831 2744 901 2806 sane
918 2745 1044 2823 intelligi
1064 2745 1148 2806 debet
1206 2817 1207 2820 Ἴ

141 2832 180 2892 de
197 2831 444 2891 determinatione
464 2849 526 2892 non
548 2849 586 2892 ex
608 2841 693 2912 parte
713 2829 821 2892 Christi
834 2873 842 2904 ,
854 2830 905 2892 sed
923 2829 1047 2907 subjecti
1066 2829 1148 2906 juxta
1206 2825 1207 2917 7

141 2931 312 2976 mensuram
327 2932 388 2974 suas
411 2915 621 2994 dispositionis.
645 2915 700 2976 Ubi
724 2922 825 2976 autem
850 2916 940 2988 dicit,
959 2913 1042 2994 quod
1062 2913 1147 2974 missa

23 3069 28 3073 .
141 3000 280 3081 pluribus
296 2997 459 3076 applicata,
480 2998 581 3059 minias
600 3000 720 3078 prodest
735 3000 877 3078 singulis,
890 3017 952 3062 non
965 2998 1087 3078 quidem
1105 2997 1147 3056 lo·

142 3089 245 3166 quitur
262 3083 299 3145 de
318 3085 406 3146 missa
423 3082 469 3144 uti
490 3085 651 3157 sacrificio,
670 3085 722 3146 sed
743 3084 788 3146 uti
807 3086 947 3165 suffragio
968 3085 1007 3146 ab
1024 3083 1145 3146 Ecclesia
1205 3103 1206 3148 l

140 3173 295 3245 instituto,
319 3170 400 3248 quod
418 3169 557 3232 ellectum
583 3169 664 3232 certe
687 3171 805 3232 finitum
824 3171 931 3242 hahet,
956 3179 987 3232 et
1003 3167 1070 3231 ided
1089 3165 1145 3246 qud
1205 3149 1206 3235 7

140 3258 276 3336 pluribus
299 3256 374 3319 illud
390 3257 573 3336 applicatur,
592 3255 630 3319 ed
652 3254 750 3318 minias
774 3258 897 3337 singulis
914 3256 1146 3335 juvat30ertum
1204 3325 1205 3332 ¹

140 3345 221 3404 eninr
233 3352 296 3418 est,
310 3341 392 3424 qaod
412 3360 511 3424 preces
526 3344 623 3404 missae
635 3343 672 3404 ab
685 3343 810 3404 Ecclesia
826 3343 971 3404 institutae
984 3342 1075 3420 magis
1084 3356 1145 3418 pro·
1204 3341 1205 3408 7

140 3429 331 3501 6666617667,
347 3430 372 3489 67
390 3429 579 3510 singulariter
598 3429 649 3502 ei,
666 3427 756 3506 quiam
773 3429 798 3489 si
817 3428 951 3507 pluribus
966 3427 987 3488 ic-
1000 3425 1146 3488 sacerdote

141 3507 343 3583 applicentur,
357 3522 391 3572 ut
405 3523 486 3589 patet
503 3533 540 3574 ex
560 3532 643 3575 eone.
662 3513 897 3587 constantiensi,
920 3513 972 3574 ubi
994 3512 1147 3572 damnatus
1203 3569 1204 3592 ,

141 3583 258 3640 tuithie
277 3593 416 3652 articulus
449 3593 738 3678 Wiclefiespeciaics
752 3597 900 3659 orationes
920 3593 1078 3679 applicata
1095 3593 1148 3654 eoi
1203 3593 1204 3596 ’
