2450 3975
99 169 102 179 '
121 166 180 228 552
359 163 424 229 lab.
439 168 470 230 6.
490 167 587 229 uraca.
598 166 630 227 l.
642 164 882 249 Depoeuitcutie.

121 272 197 329 eata.
214 268 358 331 Pratum
369 312 377 342 ,
390 266 460 331 cnm
481 285 589 347 pravus
610 266 729 329 babitus
743 268 782 328 sit
798 268 871 346 quial
890 268 1082 330 intrinsecum
1097 274 1127 329 et

121 350 317 432 inseparabile
340 351 358 415 b
385 370 531 432 persona,
560 352 719 431 extirpatio
744 349 863 414 babitus
892 350 993 414 mincis
1010 397 1020 426 ‚
1040 351 1126 431 qolm

121 437 247 497 remotio
260 437 436 510 occasionis,
449 435 557 518 pendet
570 434 719 515 bpropria
731 437 901 513 voluntate3
916 445 947 498 et
957 436 1025 499 ideo
1038 438 1128 516 magis

120 521 319 599 sperandum,
340 523 421 596 fore,
444 529 478 582 ut
500 522 580 580 Deus
604 520 713 581 bonam
735 520 918 582 uoluntatem
942 539 996 601 per
1018 521 1126 599 majora

121 605 231 667 auxilia
249 604 369 685 adjuret
390 605 427 666 aa
445 604 704 683 perseverandum.
715 604 767 664 llis
784 604 908 684 positis,
926 606 1129 684 imprudenter

103 690 182 776 'agit
194 691 405 762 confessarius,
422 690 446 751 si
456 688 583 750 absolvit
601 707 671 750 eum
687 689 739 768 qui
753 698 798 750 est
811 689 843 750 in
856 690 1006 753 occasione
1018 692 1129 752 extrin-

121 790 185 834 seca
195 818 204 847 ,
216 774 321 836 saltem
336 782 493 852 antequam
506 773 679 851 experiatur
690 771 770 852 qubd
786 774 835 834 ille
847 774 1009 853 perfugam
1027 775 1129 835 reddat

122 857 287 935 periculum
303 866 471 936 remotum3
491 874 560 917 uam
587 854 657 916 aliis
676 859 744 917 eum
764 857 907 936 relinquit
929 858 960 918 in
984 858 1128 936 probabili

122 942 252 1020 periculo
266 941 443 1020 infringendi
457 940 643 1021 propositum
654 985 662 1011 ‚
673 938 709 1001 ab
721 940 801 1018 qubd
821 939 886 1001 talis
902 942 1047 1021 poenitens
1063 952 1129 1022 post

122 1027 272 1087 obtentam
282 1026 497 1088 absolutionem
508 1023 593 1087 iaciltl
613 1026 741 1104 negliget
753 1027 852 1105 sugam
872 1025 1128 1088 necessaribadbi·

121 1108 269 1183 bendum,
284 1119 315 1172 et
336 1110 456 1172 sicsine
476 1110 568 1171 dubio
590 1110 751 1171 relabetur.
766 1110 788 1169 ll
804 1127 944 1172 converso
967 1111 1129 1190 prudenter

121 1192 283 1257 absolvitur
294 1194 442 1257 recidivus
453 1212 489 1255 ex
505 1212 588 1254 causa
606 1194 786 1268 intrinseca,
804 1194 829 1253 si
840 1193 909 1255 verb
919 1200 962 1255 est
971 1195 1128 1275 dispositus

122 1294 176 1359 per
193 1280 312 1359 signum
326 1278 593 1342 extraordinarium
611 1277 744 1356 doloris3
762 1279 829 1357 quia
848 1279 1014 1357 periculum
1039 1282 1072 1342 in
1090 1299 1127 1342 eo
1209 1349 1210 1354 γ

121 1362 301 1443 infringendi
321 1364 506 1443 propositum
518 1372 562 1423 est
576 1363 668 1441 magis
678 1372 842 1435 remotum,
854 1361 964 1426 eumer
974 1383 1034 1425 una
1044 1375 1127 1443 parte

120 1464 181 1508 non
194 1450 270 1507 adsit
283 1466 367 1509 eausa
378 1447 539 1509 extrinseca
558 1445 595 1505 ad
613 1454 766 1525 peceatum
779 1447 949 1591 impellens,
966 1458 997 1508 et
1015 1467 1052 1510 en
1069 1450 1127 1512 alia

120 1532 233 1611 majora
246 1534 325 1594 Deus
339 1531 482 1614 prebebit
499 1530 606 1592 auxilia
623 1531 808 1609 paenitentia
841 1533 1048 1611 extirpandum
1059 1553 1128 1615 pra-

119 1632 192 1677 vum
205 1614 358 1690 babitum,
376 1617 428 1695 qui
447 1616 503 1695 ipsi
519 1614 631 1675 nolenti
646 1633 679 1673 ac
691 1614 845 1677 detestanti
862 1616 955 1695 inest;
969 1614 1041 1678 hinc
1063 1636 1128 1677 ma-

119 1699 166 1782 gis
185 1702 384 1781 sperandum,
396 1700 476 1775 iore,
490 1709 525 1760 ut
543 1698 593 1759 ille
616 1698 790 1761 emendetur
801 1718 854 1780 per
866 1700 1009 1762 auxilium
1024 1704 1128 1780 gratim
1209 1709 1210 1714 ’

118 1785 154 1846 in
175 1794 358 1847 sacramanto
374 1791 533 1865 susceptae,
555 1781 644 1866 quim
663 1801 716 1864 per
737 1782 908 1848 dilationem
920 1783 1126 1847 absolutionis.
1209 1845 1210 1850 ,

119 1868 302 1951 Sepejuoat
319 1869 371 1951 (ait
388 1870 491 1930 doctus
511 1869 550 1934 P.
565 1868 610 1929 Lo
626 1866 732 1940 Graia,
754 1868 805 1946 qui
826 1864 942 1964 egregie
966 1875 1071 1929 tractat
1088 1869 1127 1929 de
1209 1863 1210 1920 ἶ

118 1947 175 2011 boc
190 1961 371 2014 sacramento
383 1950 575 2031 paenitentis)
589 1947 713 2033 relapsis
725 1947 890 2036 absolutio,
914 1957 978 2015 tum
991 1950 1027 2014 ob
1040 1952 1129 2013 auai-

118 2031 161 2094 tta
171 2035 277 2115 pretim
293 2051 360 2117 quo
371 2035 484 2114 confert
492 2042 730 2105 sacramentum.
749 2032 893 2116 atquibus
905 2044 999 2118 pateat
1011 2036 1131 2100 muniri

117 2114 287 2195 absolutus,
300 2117 372 2200 quio
383 2118 441 2218 pia
459 2118 597 2180 coercitio
610 2119 647 2182 ab
660 2117 830 2200 efficacitate
845 2119 1023 2183 sacramenti
1037 2121 1129 2184 tate·

118 2199 193 2265 bunt
203 2203 344 2285 moJarem
358 2222 419 2265 aaut
431 2248 440 2279 ‚
454 2209 600 2284 ,ematque
616 2206 679 2270 Deo
690 2204 827 2282 protioro
841 2211 870 2267 et
881 2199 1043 2285 efficaciora
1055 2249 1064 2278 ‚
1077 2215 1131 2267 ut·
1208 2272 1209 2275 ,

116 2293 183 2371 pote
195 2287 277 2368 [acta
288 2286 325 2350 ab
341 2289 435 2351 amico
450 2285 527 2360 Dei,
544 2295 571 2348 et
595 2305 632 2348 cx
647 2286 833 2351 institutione
854 2285 1129 2354 accusaturum
1208 2322 1209 2325 ¹

117 2370 215 2454 major
223 2371 268 2434 cis
281 2371 481 2452 satisfactoria
488 2394 502 2451 ‚-
516 2379 585 2433 tuuc
601 2373 688 2433 etiam
699 2390 765 2453 spes
775 2380 951 2435 eatmurum
961 2369 1129 2452 ferventius
1208 2446 1209 2451 γ

116 2455 220 2518 madiis
234 2456 434 2540 proscriptis,
455 2475 529 2518 uam
551 2455 658 2518 dilatio
677 2455 787 2518 maritos
811 2455 950 2538 offendit,
971 2457 1046 2542 quio
1064 2479 1129 2523 uon
1208 2468 1209 2473 ’

116 2539 257 2614 censurat,
277 2539 327 2604 aad
346 2540 510 2605 redduntur
521 2539 672 2604 obdurati.
688 2543 780 2621 ldque
794 2541 928 2620 expresse
943 2544 1130 2620 approbatur

115 2627 132 2688 b
148 2631 185 2689 D.
204 2629 259 2691 Tb.
272 2626 376 2728 Suppl.
392 2648 423 2710 q.
438 2631 486 2692 25.
498 2650 526 2691 a.
540 2631 570 2691 i.
587 2627 665 2690 atil.
681 2631 732 2691 ubi
745 2631 844 2707 inquit
855 2651 863 2688 a
875 2627 1131 2710 Dicendumquocl

116 2711 215 2794 majus
233 2712 392 2776 rcuudaum
426 2713 551 2778 rebatur
571 2723 675 2777 cantro
691 2722 808 2798 peccato
825 2712 949 2775 citanda
962 2733 999 2776 aaa
1009 2719 1128 2796 pratia,

94 2829 95 2833 =
116 2795 204 2875 quiam
217 2814 253 2856 ca
271 2805 388 2858 assueto
410 2801 457 2860 iac
473 2807 642 2861 uestrorum
663 2817 795 2880 operum.
819 2799 895 2859 ilinc
913 2798 992 2862 recti
1019 2800 1130 2863 dicunt

114 2878 208 2943 Saim.
225 2878 259 2942 de
275 2883 378 2963 pauit.
395 2902 420 2944 a.
442 2887 470 2945 u.
483 2903 516 2966 p.
529 2887 559 2945 l.
578 2903 610 2946 u.
627 2885 676 2946 68.
697 2884 731 2945 iu
747 2882 831 2964 fiae:
849 2885 910 2944 Cur
925 2883 959 2946 dc
975 2895 1131 2966 peccatore

70 2967 78 2990 “
115 2962 788 3062 uoultabeuteprota’omparatissimam,auam
800 2966 1131 3032 demustitutoiaomi-

115 3051 185 3112 citio
197 3047 315 3132 Deiper
330 3047 540 3112 absolutionem
558 3047 689 3112 melicas
710 3050 854 3113 arandum
868 3058 930 3113 est?
947 3055 984 3112 Et
998 3072 1130 3134 praescr-

115 3133 170 3195 tim
185 3133 281 3215 quoad
294 3142 444 3222 peccatum
456 3134 629 3213 pollutionis
646 3072 762 3197 Tobtus
771 3133 792 3196 l.
808 3137 836 3196 b.
848 3155 873 3195 c.
887 3138 935 3196 15.
949 3136 991 3197 sic
1003 3138 1127 3217 inquita
1207 3182 1208 3185 ι

119 3215 177 3279 Via
187 3223 262 3297 puto
279 3231 338 3278 etse
351 3214 436 3277 aliud
451 3215 555 3298 efficax
576 3216 735 3279 remedium
747 3221 837 3299 quam
851 3218 1131 3300 frequentissimam
1207 3224 1208 3289 l

112 3296 320 3377 confessionam
332 3298 488 3376 adhibeam
500 3308 543 3362 est
557 3300 637 3362 anim
648 3301 702 3362 bac
714 3311 932 3364 sacramentum
953 3303 1131 3371 acacianum
1207 3352 1208 3375 ι

110 3375 261 3467 famatam,
276 3390 303 3443 ct
317 3385 372 3461 qui
380 3383 432 3444 boc
442 3403 502 3444 uon
519 3383 637 3459 utitur,
658 3403 719 3446 uou
742 3383 801 3448 sibi
809 3385 965 3466 promittat
982 3391 1133 3451 menua-

113 3461 219 3548 taouem
232 3462 294 3522 uisi
307 3482 363 3542 par
377 3463 564 3528 miraculum.
582 3471 703 3546 llocque
721 3469 854 3529 remedio
873 3471 1038 3548 frequentis
1052 3493 1133 3538 con·

110 3532 240 3598 sessionis
252 3559 307 3618 pro
317 3546 625 3613 recidentibusintale
635 3552 741 3615 vitium
752 3553 876 3629 legimus
888 3555 931 3615 D.
942 3550 1132 3639 Paitippum
