2450 3975
142 224 181 283 66
374 217 438 281 tit.
453 219 482 279 6.
500 219 598 279 ercet.
612 219 643 279 5.
654 220 699 279 De
711 216 916 281 Eucitutr'stiu.

142 332 207 403 post
230 322 402 402 porticulum
423 322 479 401 ipsi
503 320 640 382 truditom
653 364 661 394 ,
675 318 745 399 quio
760 328 832 381 tunc
850 328 986 383 censetor
999 324 1153 389 moraliter

141 424 200 468 nno
221 409 416 479 communio,
440 410 528 487 prout
555 406 635 467 rectd
658 404 762 467 dicunt
786 406 865 467 idem
891 406 1030 469 ransom.
1045 414 1153 494 'Bure

141 510 209 555 cunt
224 493 377 557 Murcido.
388 492 430 555 id.
443 500 472 553 et
482 496 561 573 loqu
572 489 605 554 d.
622 493 671 552 65.
686 510 719 552 n.
732 492 781 553 86.
794 492 846 570 qui
860 501 985 554 testetur
1002 496 1044 556 sic
1062 516 1153 559 usum

140 578 236 649 iocre,
252 585 287 638 ut
304 576 625 657 postcommunionem
643 576 714 655 ogni
727 575 865 637 abluatur
883 578 986 656 pyxis,
998 588 1029 640 et
1039 580 1155 644 ablutio

140 662 196 739 ipsi
219 662 364 724 trudetur.
390 664 464 723 item
487 660 701 721 advertendum
726 658 757 720 id
776 660 857 739 quod
876 660 997 723 odditur
1017 665 1050 725 in
1076 684 1158 744 prae·

139 745 217 807 dicto
236 746 361 808 Robrica
384 766 417 808 o.
435 748 464 807 5.
485 744 521 807 Si
535 746 602 806 nero
622 742 726 805 relicto
744 743 786 806 eit
804 742 902 805 hostie
922 745 1037 828 inteqre
1055 768 1156 811 conse-

139 837 238 901 crato,
251 848 316 891 eom
327 831 361 891 in
372 828 560 893 tobei-noento
569 827 745 911 reponot3si
753 828 806 891 icoc
814 826 886 909 ficri
895 833 1013 911 nequit,
1022 835 1158 914 sequenti

138 914 282 979 secerdoti
303 913 477 977 sumendum
495 911 669 995 relinquam
690 912 720 975 si
738 921 877 974 treotrem
897 912 968 995 fieri
983 924 1099 996 possit,
1121 919 1156 979 in

139 997 204 1080 ipso
222 996 309 1063 colice
327 999 457 1062 decenter
478 1006 641 1074 conservem
660 997 741 1080 qudd
756 998 786 1060 ei
804 997 989 1061 coniecisset
1009 1005 1156 1083 quomodd

139 1080 257 1145 tonent
277 1091 482 1157 corrseroetur,
507 1091 602 1165 potest
625 1102 692 1143 eom
713 1082 834 1163 ipsemet
855 1101 979 1145 eumne.
1000 1089 1157 1151 Porticnioe

139 1178 238 1257 sutem
255 1171 383 1233 inventos
400 1180 481 1232 extra
498 1171 669 1249 corporcis,
684 1172 714 1229 in
729 1169 820 1229 dubio
834 1188 872 1230 nn
887 1171 1152 1254 sintconsecrotro,

138 1256 290 1319 eumendae
312 1266 383 1319 sunt
405 1257 493 1318 otium
514 1265 580 1336 post
596 1255 779 1315 ubiutioncm
800 1254 864 1334 (6),
887 1262 922 1316 ut
944 1256 1048 1318 dieunt
1070 1260 1151 1322 Bon.

139 1338 232 1402 Beer.
246 1348 275 1405 et
288 1342 360 1405 Gob.
375 1360 425 1423 cp.
441 1344 540 1404 Groic.
557 1360 589 1402 n,
604 1341 674 1401 668.

176 1420 249 1480 252.
271 1452 311 1465 -
330 1421 429 1493 Quaer.
449 1422 501 1480 lv.
524 1419 657 1492 Quinum
679 1414 753 1476 hond
772 1416 864 1494 possit
886 1416 1048 1497 dispensari
1071 1440 1156 1482 cum-

141 1505 271 1565 munio?
291 1504 515 1583 Respondetur:
533 1506 638 1563 Perse
659 1503 830 1581 loquendo,
847 1503 979 1580 quilibet
999 1504 1058 1565 diei
1080 1505 1156 1567 hond

49 1618 52 1625 ·
138 1586 302 1667 dispensari
322 1598 418 1668 potest
432 1633 440 1663 ,
455 1589 523 1667 quia
545 1589 621 1648 circe
642 1586 699 1647 hoc
718 1587 800 1646 nulio
815 1586 897 1646 odest
917 1587 1155 1669 prohibiti03ito

138 1675 338 1737 communiter
355 1674 462 1737 docent
479 1670 549 1735 Pet.
566 1679 670 1755 poscet.
688 1674 736 1732 66.
751 1690 834 1733 rrum.
848 1674 877 1731 5.
893 1674 984 1735 Rene.
997 1692 1022 1733 c.
1036 1678 1065 1735 6.
1077 1694 1109 1756 q.
1124 1681 1153 1737 6.

138 1754 233 1821 uatm.
248 1759 284 1823 de
295 1758 390 1823 Euri.
408 1779 434 1822 e.
452 1761 483 1822 8.
501 1776 533 1840 p.
550 1761 579 1819 5.
599 1776 632 1819 n.
649 1760 699 1820 58.
719 1775 786 1819 eccm
798 1758 877 1838 Any.
891 1757 964 1819 Con.
979 1766 1009 1819 et
1025 1764 1100 1841 Fau.
1121 1784 1156 1824 ue

139 1846 219 1905 Bon.
234 1865 264 1928 q.
278 1850 309 1908 7.
319 1867 352 1929 p.
368 1850 397 1909 6.
413 1866 447 1907 n.
459 1848 506 1907 id.
519 1864 585 1907 erem
596 1840 678 1926 Sylo·
692 1843 750 1918 So,
769 1841 842 1904 ret.
856 1843 1039 1905 dz.Pucsev.
1056 1850 1151 1908 Heron.

137 1937 167 1992 ct
185 1932 275 1991 Scor.
298 1932 327 1993 5.
344 1950 376 2012 ρ.
393 1929 428 2012 d·
446 1932 498 1993 80.
516 1936 583 1994 scot.
604 1932 635 1991 6.
657 1930 691 1992 in
709 1925 793 2009 fine,
815 1927 867 1987 ubi
888 1927 973 1990 eiicrt
994 1930 1027 1992 S.
1047 1932 1153 1994 dordr.

138 2016 304 2090 dicentem,
326 2036 380 2079 suo
398 2026 532 2096 ternpore
549 2017 639 2077 inisse
654 2014 898 2076 consuetudinem
919 2016 1106 2093 celebrandi,
1124 2031 1156 2083 ct

138 2101 227 2161 dandi
247 2103 488 2164 communionem
512 2103 587 2162 circo
608 2102 700 2163 iinem
724 2100 795 2160 diei.
812 2101 966 2172 Diximus,
985 2120 1039 2182 per
1058 2120 1089 2164 se
1112 2102 1156 2166 io-

137 2181 253 2265 qeendo
261 2208 274 2263 ,·
289 2205 374 2260 nom,
388 2195 422 2248 ut
434 2187 538 2248 dicunt
551 2203 654 2246 omncs
675 2186 736 2246 ΑΔ.
754 2185 836 2246 citati
850 2228 859 2258 ‚
878 2204 940 2246 non
958 2185 1026 2247 iicet
1039 2188 1157 2249 Euche-

138 2271 252 2332 ristium
272 2274 442 2335 ministrare
461 2283 548 2335 noctu
561 2315 570 2346 ,
581 2274 629 2333 vel
641 2272 696 2333 sub
712 2271 859 2351 vesperis,
872 2272 915 2350 (id
925 2280 969 2332 est
979 2273 1009 2332 in
1021 2279 1154 2336 extremo

137 2356 197 2423 diei
218 2359 312 2438 porte)
327 2357 391 2420 tdm
408 2368 531 2439 propter
553 2355 821 2430 scandulum,t1im
837 2366 959 2435 propter
977 2355 1156 2420 hodiernum

137 2440 272 2502 Eeclesioe
283 2445 544 2521 consuetudinem
560 2444 771 2518 contrudoers.
783 2461 834 2523 up.
848 2442 939 2502 crore
950 2438 971 2502 i.
982 2443 1010 2503 6.
1021 2460 1055 2522 p.
1070 2445 1101 2504 6.
1119 2465 1153 2507 n.

137 2525 207 2587 665.
216 2529 267 2606 qui
279 2528 350 2590 dicit
360 2547 421 2590 esse
430 2529 550 2609 quidem
562 2545 726 2607 congruum
737 2571 745 2600 ,
757 2534 791 2586 ut
802 2525 971 2586 communio
981 2525 1033 2587 fiet
1042 2528 1133 2590 mund
1145 2575 1153 2601 ‚

136 2611 188 2672 scd
210 2613 299 2676 licere
323 2616 413 2677 ctiam
437 2614 493 2674 sub
516 2613 666 2692 vesperis;
689 2611 741 2672 scd
765 2609 821 2670 hoc
848 2608 966 2672 tannim
987 2610 1155 2674 admittunt

135 2694 206 2760 rot.
215 2695 236 2758 l.
247 2718 271 2760 o.
280 2718 346 2762 cum
354 2701 473 2764 Genios.
488 2697 730 2773 Tontd.euncSo,
744 2703 772 2756 et
783 2697 875 2758 Scor.
888 2693 1085 2758 uclotdonoe
1097 2716 1153 2779 cp.

138 2780 258 2844 GroicI.
270 2801 295 2844 e.
307 2786 331 2844 si
349 2786 465 2846 ueeednt
479 2785 576 2862 alique
600 2783 732 2864 speciolis
751 2799 857 2842 conso:
874 2790 905 2841 et
922 2779 979 2841 hoe
998 2781 1154 2860 probabile

136 2869 275 2940 ridetur,
303 2870 327 2930 si
347 2870 399 2930 fist
418 2870 473 2930 sub
501 2872 631 2949 vesperis
648 2890 658 2948 ς
687 2886 755 2929 nom
776 2867 949 2946 intempestd
970 2875 1056 2930 nocte
1077 2879 1154 2946 puto
1214 2944 1215 2947 Ἴ

136 2971 204 3016 cum
224 2951 318 3016 Solon.
338 2954 388 3014 cit.
407 2971 440 3016 o.
460 2955 509 3015 58.
530 2955 563 3015 in
585 2951 643 3034 fin.
669 2961 699 3014 et
719 2955 798 3014 Boo.
826 2969 887 3014 non
906 2952 1013 3029 licere,
1031 2952 1091 3013 nisi
1119 2954 1154 3014 in

134 3041 199 3105 seio
218 3058 286 3104 cusu
308 3039 500 3100 necessitatis.

174 3128 223 3190 Sic
239 3127 328 3189 etism
349 3143 410 3186 non
431 3125 500 3186 lieet
523 3124 594 3188 dere
618 3125 859 3188 communionem
879 3124 911 3184 in
929 3124 1016 3183 missu
1031 3126 1151 3187 nativit.

135 3214 278 3287 Domini,
301 3229 367 3292 queo
389 3211 498 3272 dicitur
520 3209 619 3279 rnedid
641 3219 749 3283 nocte,
771 3228 807 3269 cx
826 3210 906 3288 decr.
923 3210 954 3268 S.
971 3209 1004 3268 6.
1018 3209 1055 3267 R.
1068 3210 1155 3290 apud

135 3293 531 3362 consumentem.
547 3298 597 3358 68.
613 3313 668 3355 nee
687 3297 728 3366 in,
739 3295 789 3355 die
802 3297 972 3356 Purosccres
984 3311 1021 3353 ex
1032 3292 1153 3356 decreto

137 3383 231 3458 ejusd.
247 3386 317 3445 S.C.
332 3384 381 3445 die
394 3385 443 3445 69.
457 3383 544 3444 Febr.
558 3383 647 3444 tout.
661 3399 711 3461 cp.
724 3383 855 3444 Guount.
871 3377 918 3440 nt.
931 3381 961 3440 6.
975 3379 1045 3459 §.in
1056 3398 1089 3440 o.
1100 3382 1152 3443 25.

138 3465 175 3524 Et
194 3465 263 3527 licet
284 3466 341 3528 hoe
361 3468 512 3529 decretum
524 3469 567 3530 xin
586 3467 718 3547 registris
739 3484 800 3528 non
814 3465 940 3546 reperiri
954 3467 1154 3529 testeturdie·

165 3581 272 3640 (naseu
284 3575 1126 3697 meliuscume'sdemobtuttone.»ttoS.Atpt.ttom.Ap.EZ.t15.o.⁸.
