2450 3975
169 226 245 307 Cap.
259 228 289 288 2.
300 222 346 286 Dc
357 226 496 287 utinislro
506 222 714 287 uictarum.
729 223 809 288 nat.
827 228 857 287 l.
871 225 936 287 Art.
948 226 979 287 ἱ).
1038 224 1077 287 63

77 326 131 387 lico
141 329 256 407 opum,
275 340 396 407 eamque
409 325 485 405 ipsi,
498 322 631 387 edicibile
642 322 808 406 prudentie
823 324 968 410 etjadieii
977 333 1079 409 tempe

75 420 223 484 recreato,
239 408 316 471 alere
330 408 480 471 debebunt.

107 497 209 571 Quoad
229 495 288 557 hoc
307 494 492 573 pontificium
506 494 656 556 decretum
671 494 837 559 notandam
850 505 893 558 est
911 497 940 559 l.
956 496 1077 577 praecipi

73 578 109 641 ibi
120 627 128 655 ,
140 580 222 660 quiid
236 581 373 659 Episcopi
387 586 435 653 ,et
450 579 532 641 tanti
549 579 649 641 minuis
664 580 803 659 parochi,
821 584 954 661 quamvis
965 585 1078 661 possint

73 667 152 727 alicui
165 684 204 727 ex
222 667 283 725 suis
296 664 401 724 ovibus
415 665 446 724 iu
464 666 633 745 particulari
651 674 750 727 lamro
765 667 987 729 communiones
998 710 1008 739 ,
1019 667 1078 727 mi·

72 750 146 813 nimi
161 759 263 812 tamen
286 748 461 829 generaliter
475 769 529 829 pro
542 749 681 811 omnihus
694 745 757 811 dies
773 750 991 812 communionis
999 768 1076 828 prae·

71 837 193 897 scribere
214 844 348 915 possunt.
365 832 429 894 lmcl
453 834 609 914 providire
627 834 735 896 debent
763 834 909 906 omnini,
932 842 967 895 ut
989 852 1077 895 nemo

71 922 229 999 repellatur
248 918 265 979 i
286 919 456 997 frequenti,
481 920 529 979 rel
552 920 723 997 quotidiana
742 920 971 991 cummunione,
994 917 1077 997 cujus

72 1022 152 1065 usum
163 1006 222 1082 ipsi
233 1003 495 1082 jurisprudentia
507 1004 624 1082 regulas
636 1003 732 1083 potitis
749 1005 829 1065 alere
842 1012 992 1066 tenentur.

103 1090 277 1151 Notandum
292 1091 323 1148 u.
346 1088 387 1147 ibi
410 1089 547 1166 praecipi,
568 1097 603 1148 ut
624 1090 691 1149 talis
717 1108 788 1150 usus
811 1090 993 1168 frequentis,
1013 1088 1076 1150 sire

71 1174 247 1250 quotidianae
256 1174 474 1233 communionis
486 1174 586 1253 (etiam
597 1191 654 1252 pro
669 1176 916 1253 nogotiatoribus,
929 1184 961 1236 et
978 1173 1078 1253 conju·

70 1258 152 1337 gatis)
163 1260 358 1335 relinquatur
365 1258 489 1317 arbitrio
498 1258 742 1319 confessariorum
754 1303 762 1331 ,
772 1260 823 1336 qui
831 1258 914 1336 juxta
927 1260 1078 1320 couscien-

69 1343 175 1402 tiarum
196 1344 378 1421 puritatem,
396 1350 426 1401 et
453 1342 617 1420 proiectum
642 1343 863 1403 communiones
876 1342 1076 1421 praescribunt.

70 1426 336 1497 ulimmerianum,
357 1424 437 1504 quid
454 1426 664 1497 confessarios,
679 1427 843 1507 praesertim
855 1442 891 1487 οι
908 1427 1005 1486 fructu
1018 1426 1079 1486 ire·
1113 1450 1125 1470 ·

69 1512 214 1587 quentiae,
238 1520 268 1571 et
284 1528 320 1571 ex
339 1510 485 1571 desiderio
498 1512 669 1589 paenitentis
687 1514 820 1591 rmulam
836 1528 953 1572 sumere
974 1510 1078 1571 debeat

68 1597 209 1675 augendi,
225 1597 273 1655 vel
288 1596 440 1655 minuendi
463 1614 549 1656 usum
566 1597 793 1663 communionis.
811 1595 883 1661 Vide
894 1614 961 1679 qum
975 1595 1010 1658 de
1024 1593 1078 1657 too

67 1688 173 1759 puncto
185 1678 290 1763 [auius
300 1678 428 1741 dicemus
438 1678 472 1741 iu
482 1680 581 1742 Proui
596 1679 844 1760 confessariorum
855 1725 865 1757 ,
876 1680 904 1761 ς.
920 1677 1036 1741 altimo.

103 1766 148 1826 An
173 1774 275 1825 autem
300 1764 470 1843 dispensans
496 1764 709 1825 Eucharistiam
736 1766 768 1823 in
801 1765 946 1838 mortali,
979 1770 1079 1841 peccet

69 1849 253 1929 mortalitem
264 1847 330 1911 oicle
342 1866 376 1911 u.
393 1850 443 1913 55.
458 1848 510 1911 ubi
523 1849 699 1911 sententiam
720 1848 925 1911 affirmativam
950 1846 1077 1929 amplexi

66 1950 175 2002 Sumus·
760 1935 773 1971 ι

449 2067 634 2148 DUBlUlll
662 2069 709 2148 ll.

103 2304 105 2308 ·
222 2282 258 2328 litt
274 2282 426 2344 sutanum),
443 2283 494 2327 SEU
511 2283 687 2329 susctrteure
706 2283 920 2334 EUCHARISTM·

447 2439 656 2518 narramus
673 2441 699 2502 1.

146 2611 241 2709 Quae
267 2610 476 2714 requiralur
502 2611 541 2687 in
562 2636 606 2686 eo
630 2609 817 2713 disposilio
840 2585 1000 2690 animal

69 2807 116 2864 255
131 2813 171 2866 De
182 2815 322 2882 praemio
332 2810 519 2880 promittendi
531 2807 728 2878 cenfessionem
736 2809 776 2866 ori
785 2816 1012 2871 communionem.

68 2882 115 2938 ²36
131 2889 187 2951 Qu.
203 2890 226 2939 l.
238 2889 282 2940 Au
293 2885 344 2940 ltoo
352 2893 522 2956 preceptum
533 2885 570 2938 rit
585 2883 730 2946 diuinum,
744 2885 786 2939 oet
797 2887 1031 2944 ecetesiauuumr

69 2956 114 3010 tut
132 2963 188 3025 Qu.
201 2963 240 3012 ll.
250 2964 294 3012 Aa
310 2961 360 3028 pai
373 2967 436 3027 post
449 2958 646 3028 consessionem
661 2961 980 3023 feracissimarum,
991 2969 1079 3018 teneo

166 3039 215 3088 tur
226 3034 523 3142 oute'oommuuiouem
534 3031 606 3088 illud
615 3035 761 3104 confiteri?
771 3040 825 3102 Qu.
835 3040 887 3094 111,
897 3043 943 3091 Au
951 3043 1080 3093 uocauit·

165 3105 274 3160 conteri
284 3143 292 3158 .

70 3183 117 3240 258
136 3183 210 3254 Quid
221 3186 247 3240 si
267 3183 398 3239 rorarios
413 3183 522 3238 dabitat
540 3185 573 3240 de
587 3192 703 3256 peccato
715 3189 1079 3247 commisroiltemissivead

168 3271 196 3311 n.
206 3257 311 3310 litae
324 3258 438 3309 Sacram.
452 3259 545 3310 l'mnit.

72 3333 119 3388 259
135 3339 199 3391 Nou
212 3341 330 3391 recusat
341 3335 360 3389 al
373 3337 541 3404 consessione
554 3336 713 3400 calabrites,
724 3339 845 3402 deuotio,
857 3342 909 3394 out
917 3345 1078 3408 pauperior.

74 3407 119 3462 tuo
135 3414 260 3464 Eaeusat
273 3407 337 3463 erro
350 3408 374 3462 l.
387 3411 546 3463 Periculum
569 3412 683 3471 mortis,
695 3419 721 3464 et
732 3411 880 3465 accersitur
899 3412 1080 3466 ministrandi

169 3483 317 3537 Vialituut.
335 3483 362 3535 i.
385 3481 569 3544 scandalum,
583 3487 635 3534 out
651 3489 720 3534 uoto
733 3482 864 3549 infamia.
877 3485 949 3549 Quiri
962 3484 989 3538 si
1006 3486 1079 3554 dese·

166 3560 252 3608 ratur
268 3554 404 3610 t'r'aricum
419 3555 549 3622 infirmo,
563 3555 613 3623 qui
629 3555 724 3624 nequit
741 3562 800 3610 tarn
819 3555 873 3612 citi
890 3556 1077 3625 exploraren-

166 3627 337 3697 {uriourmi
369 3683 372 3688 .
