2450 3975
299 208 410 291 Cap.l.
424 210 471 269 Da
481 204 671 288 consessione.
684 207 765 273 ooo.
776 209 807 269 5.
819 209 885 271 Art.
899 212 927 271 4.
1045 211 1103 273 547

88 314 171 383 erat,
185 308 262 371 bano
275 307 346 375 verb
364 308 556 388 quaestionem
574 308 607 371 in
629 308 772 388 opinione
794 306 1002 390 theologorum
1019 308 1104 373 inde·

88 395 180 457 oisam
196 394 329 473 reliquit.

128 476 262 541 Socanda
274 477 438 553 sententia,
453 494 543 558 quam
564 485 645 540 tenet
658 478 766 557 Sporar
787 477 822 540 da
835 497 914 559 poa.
934 498 959 541 a.
980 481 1011 541 5.
1022 479 1048 560 §.
1070 482 1101 542 5.

87 585 123 627 a.
143 567 223 641 4444,
236 564 329 625 eitans
345 582 401 643 pro
424 582 455 625 se
468 566 575 643 Laym.
588 572 618 623 44
632 564 720 624 Saar.
739 562 940 643 (adhaeretque
951 564 1102 644 Baaemb.)

87 650 162 711 dicit
175 648 336 711 neeessarib
353 666 416 709 esse
437 648 636 709 confitendam
656 648 907 711 circumstantiam
929 648 1018 729 quid,
1036 670 1103 730 qum

87 735 154 796 soil.
169 734 285 813 attingit
302 733 502 811 integritatem
515 732 736 793 substantialem
752 734 860 811 peceati
877 735 909 795 in
927 733 1101 807 individuo,

87 826 181 900 prout
198 827 241 881 est
250 819 397 897 quantitas
415 818 499 879 sorti.
523 817 631 892 Ratio,
654 818 723 896 quia
742 817 813 878 alitis
833 819 1025 881 confessarius
1042 838 1102 881 non

88 902 374 983 poterit,efformare
389 902 525 963 debitum
541 900 689 979 judiciam
705 903 743 964 de
761 903 923 965 substantia
940 904 1062 980 peceati.
1149 957 1152 960 ,

94 1042 97 1047 .
134 990 234 1051 Tertia
249 988 394 1049 sententia
408 985 483 1049 mibi
503 986 687 1065 probabilior
710 996 797 1067 negat
811 1006 874 1051 esse
890 990 1102 1069 obligationem

88 1073 249 1155 confitendi
270 1072 502 1133 circumstantias
521 1080 730 1151 aggravantes,
744 1080 775 1134 et
789 1072 866 1135 bane
883 1083 986 1137 tenent
1003 1076 1104 1137 &Aa-

87 1167 153 1221 444.
168 1160 197 1221 5.
207 1176 241 1239 p.
255 1157 301 1217 444.
314 1158 361 1217 44.
375 1175 397 1217 4.
414 1158 463 1217 49.
474 1154 502 1237 4.
515 1155 545 1216 7.
558 1164 587 1216 44
600 1155 647 1216 444.
662 1160 710 1218 47.
723 1177 748 1219 4.
764 1159 813 1219 47.
825 1158 851 1239 §.
864 1162 893 1220 5.
904 1163 936 1223 S.
951 1156 1101 1223 Baro-ard.

87 1246 158 1307 San.
181 1250 204 1304 t.
228 1244 257 1303 5.
283 1240 318 1302 de
339 1238 462 1319 consors.
486 1244 519 1301 S.
540 1241 658 1301 Bonna.
686 1240 720 1301 44
742 1245 771 1302 4.
794 1240 826 1303 d.
852 1246 899 1305 47.
924 1262 957 1324 p.
982 1246 1013 1305 5.
1039 1251 1099 1304 art.

88 1331 122 1395 2.
142 1346 172 1409 q.
192 1328 222 1389 5.
243 1329 312 1389 Solo
330 1326 362 1387 ia
379 1329 410 1387 4.
431 1326 459 1388 d.
481 1327 529 1387 47.
551 1342 581 1405 q.
603 1344 657 1387 ao.
682 1326 835 1389 Gebasaut.
860 1327 1099 1390 7144444444.

88 1416 141 1477 40.
165 1432 198 1475 o.
220 1414 281 1489 45,
304 1430 436 1472 asserens
456 1410 533 1471 bano
553 1428 615 1471 esse
634 1412 799 1490 graviorem
817 1420 847 1474 et
866 1414 1102 1475 communiorem

88 1516 160 1565 eum
176 1493 246 1559 Pal.
266 1496 347 1557 4444.
373 1498 462 1575 Voeq.
487 1503 539 1557 444.
559 1492 631 1556 Ρ44.
655 1504 693 1557 tr.
716 1498 765 1579 45.
787 1496 819 1560 d,
840 1517 894 1559 44.
912 1517 947 1579 p.
970 1500 999 1559 9.
1021 1500 1099 1560 Bon.

88 1602 123 1663 q.
144 1585 173 1643 5.
193 1600 219 1643 4.
236 1582 267 1643 4.
290 1600 322 1661 p.
341 1583 371 1642 2.
391 1580 418 1660 S.
440 1582 469 1640 5.
487 1578 550 1661 alisii
571 1582 600 1641 5.
619 1600 651 1641 n.
673 1584 704 1641 b.
725 1578 816 1644 rotat.
834 1580 857 1643 4.
876 1584 905 1643 5.
925 1602 951 1644 4.
970 1584 1001 1643 7.
1016 1601 1050 1643 a.
1068 1584 1099 1642 7.

88 1665 210 1733 1144444.
226 1684 259 1726 a.
275 1666 343 1727 474.
361 1661 455 1727 Salar.
470 1662 504 1726 44
516 1684 595 1745 pan.
613 1684 640 1728 e.
657 1667 686 1727 8.
704 1686 737 1748 p.
753 1670 784 1728 2.
799 1687 833 1731 4.
851 1669 901 1729 45.
918 1670 1009 1729 Bona.
1025 1685 1050 1728 4.
1067 1670 1099 1728 2.

89 1772 121 1835 q.
137 1754 166 1812 6.
183 1750 245 1829 (qui
258 1748 276 1811 4
289 1749 384 1828 prima
403 1750 546 1809 sententia
562 1768 593 1811 se
606 1751 766 1825 revocavit)
778 1753 860 1831 Lapa
876 1750 906 1812 d.
921 1752 970 1811 46.
983 1758 1052 1811 4444.
1069 1752 1099 1811 5.

88 1836 259 1897 4444484444
266 1878 277 1911 ,
297 1836 377 1895 Noa.
390 1831 517 1899 444444.
534 1836 604 1915 bap.
623 1842 652 1893 et
668 1834 851 1911 probabilem
865 1844 970 1913 putent
987 1836 1101 1895 Saorez

89 1918 114 1983 4.
130 1940 155 1981 e.
171 1938 203 1981 o.
215 1921 264 1980 to.
277 1914 377 2004 A'lolly
392 1938 427 2001 pt
442 1918 510 1979 457.
529 1934 604 1983 aeas.
624 1920 766 1997 Quareo„
778 1926 809 1980 44
819 1916 948 2004 plorimi
964 1916 1021 1981 4444
1033 1938 1101 1981 ouria

88 2009 198 2069 Diana
213 2001 267 2067 loe.
280 2003 330 2064 444.
608 2073 610 2077 ,

131 2090 275 2152 Probatur
297 2091 326 2148 4.
347 2089 440 2150 441).
460 2088 514 2150 Tb.
533 2090 566 2152 ia
583 2093 612 2152 44.
629 2087 659 2151 d.
678 2093 726 2152 46.
744 2093 825 2172 (1.5.
839 2101 899 2154 art.
918 2095 961 2170 2.,
982 2093 1034 2170 qui
1047 2093 1101 2153 sub

88 2175 264 2241 auctoritate
280 2193 421 2253 magnum
443 2175 562 2253 quidem
585 2176 700 2255 pondus
722 2176 792 2237 huie
811 2179 963 2238 sententiae
987 2178 1103 2254 praest-i-

88 2263 153 2339 tit;
172 2270 287 2339 oportet
305 2269 404 2320 autem
425 2257 473 2320 bio
495 2261 559 2338 ejus
579 2271 691 2322 textum
712 2263 862 2339 integrum
884 2260 1100 2332 transcribere,

88 2353 126 2408 nt
145 2355 241 2426 pateat
259 2349 290 2406 S.
306 2348 462 2422 Doctorem
475 2365 530 2424 pro
546 2345 608 2406 1444.
625 2347 769 2406 sententia
781 2345 860 2408 44444
876 2347 964 2406 fuisse
977 2367 986 2423 3
999 2346 1041 2406 ibi
1059 2347 1101 2406 sie

88 2435 178 2494 docet
199 2453 207 2492 ε
235 2431 363 2512 Quidam
381 2429 460 2492 44444
480 2431 599 2508 alienat,
626 2430 706 2510 qaid
722 2450 823 2492 444444
854 2431 1099 2499 circumstantiae,

87 2537 159 2602 qam
176 2516 309 2599 aliquam
321 2513 477 2578 notabilem
493 2519 688 2597 qaoratitatean
700 2525 813 2596 peceato
827 2515 960 2594 44444444,
969 2514 1104 2595 confiteri

86 2602 267 2669 neccessitatis
282 2609 343 2678 444,
359 2601 388 2662 ei
398 2602 543 2663 444444νί44
553 2609 716 2662 4444444444.
728 2599 791 2662 Atti
806 2605 873 2664 4444
891 2601 1011 2674 dirum,
1022 2603 1101 2684 quael

86 2705 153 2752 aon
170 2686 282 2750 sintela
307 2687 472 2748 necessitate
498 2685 686 2766 confitenda,
709 2685 770 2748 nisi
790 2685 1019 2749 circumtantia
1034 2705 1101 2766 qaae

87 2773 132 2836 444
155 2769 240 2832 aliod
254 2789 346 2853 94444
365 2769 477 2852 peceati
493 2769 635 2847 trabant,-
654 2778 684 2831 et
703 2770 755 2831 boe
766 2769 950 2852 probabilius
969 2779 1011 2832 444
1021 2793 1034 2848 ,·
1051 2769 1102 2833 real

87 2857 259 2921 addendam
279 2863 341 2929 444,
360 2873 425 2939 qaae
452 2853 492 2914 ed
513 2851 607 2916 aliam
632 2854 755 2935 speciem
783 2855 919 2918 aaortolis
946 2857 1100 2919 trabant:

87 2942 266 3024 4444444444
279 2949 339 3016 444,
352 2939 431 3022 quial
443 2936 573 3001 venialia
594 2948 741 3005 nonsart
759 2940 794 3003 ale
806 2942 973 3006 necessitate
989 2943 1102 3025 confes·

87 3028 202 3098 aionis,
215 3023 265 3087 4444
277 3023 371 3086 solatae
393 3023 533 3086 naortalia
541 3071 552 3103 ‚
571 3045 637 3106 qaae
656 3029 850 3106 puerilitatem
863 3028 1015 3109 infinita-m
1028 3048 1104 3108 444·

87 3109 249 3178 4444444444
272 3109 402 3172 babeat:
417 3118 446 3170 et
466 3107 538 3188 quia
555 3111 781 3174 circumstantiae
804 3123 1015 3194 4944444444,
1035 3131 1103 3192 qam

89 3196 189 3258 aliona
203 3195 324 3276 speeiem
345 3203 461 3274 peecata
481 3213 542 3256 aaa
567 3195 862 3280 taeterrimaeque
883 3199 1017 3260 44464444
1034 3197 1102 3278 qai-

89 3281 158 3345 dam
172 3325 180 3354 ‚
192 3277 242 3340 4444
258 3297 318 3341 non
333 3275 467 3340 enortala's
487 3281 599 3360 peceati
607 3325 618 3358 ‚
635 3299 697 3341 aron
714 3289 784 3342 4444
802 3280 837 3342 de
854 3281 1021 3343 necessitate
1033 3301 1103 3343 ooo·

88 3364 231 3450 sessionis
240 3387 252 3440 ,-
266 3369 363 3424 4444444
374 3361 473 3438 eodem
490 3363 624 3446 confiteri
634 3365 821 3446 perfeetionis
833 3375 893 3440 444,
909 3365 1035 3429 aioaldo
1054 3386 1103 3428 aa·

90 3446 343 3512 nialibaeala'ataae
352 3455 404 3509 est.
419 3449 625 3509 Commtanitor
636 3451 817 3510 conveniunt
829 3451 890 3512 ΑΛ.
903 3453 944 3511 D.
959 3451 1103 3514 Tbomonr

91 3535 126 3596 in
142 3531 198 3593 hoe
213 3532 277 3592 loeo
294 3539 422 3592 nostram
436 3535 611 3594 sententiam
631 3535 758 3593 tenuisse
777 3543 807 3593 et
826 3535 976 3612 signanter
1001 3542 1102 3599 Canae

92 3615 128 3716 44
141 3611 249 3680 4444444.
261 3613 296 3677 da
306 3633 386 3697 pao.
401 3635 432 3696 p.
448 3619 478 3680 4.
497 3614 526 3697 S·
540 3614 596 3679 Sal
611 3613 688 3677 44444
696 3661 706 3695 ,
716 3619 824 3699 4449.
838 3619 888 3681 ubi
900 3619 942 3681 eit
952 3641 961 3680 ι
971 3621 1013 3680 D.
1026 3619 1101 3682 Tlo-
