2450 3975
230 144 303 227 Cap.
316 144 347 206 t.
366 140 412 206 De
429 137 557 206 essentia
577 138 928 208 resonaremus.
1065 142 1087 207 5

75 242 202 309 neotus
216 246 244 306 l.
265 262 302 305 ex
321 261 387 325 cap.
409 242 484 306 Cam
502 239 651 318 Martha,
673 238 709 303 de
738 238 838 307 celclr.
858 243 941 307 misr.
959 239 1012 305 ubi
1042 244 1085 306 sic

81 328 202 390 dicitur:
221 328 331 391 Forma
355 326 398 405 (id
417 335 461 388 ast
482 324 603 406 species]
622 333 665 387 est
679 325 830 407 panis‚et
851 327 937 407 rini3
949 326 1081 402 ueritas,

79 408 403 493 cornicetsanpainisp
422 408 538 483 uirtus,
560 410 689 473 unitatis
703 417 732 470 ct
754 408 920 472 charitatis.
943 410 1084 473 Primonr

79 496 115 575 [id
126 504 169 559 est
184 494 304 575 species)
317 504 361 559 est
377 502 596 559 sacramentnm
606 538 616 569 ‚
628 501 658 555 et
668 512 729 555 non
741 512 801 556 res.
814 492 978 556 Secundam
990 495 1083 573 (idest

78 598 177 659 eorpus
201 579 324 659 Christi)
346 586 390 643 est
408 585 647 656 sacramentum,
675 586 704 639 et
733 596 789 641 res.
821 578 953 641 Tertiam
974 579 1016 661 (id
1037 587 1083 639 est

77 662 201 745 ciectus)
225 672 353 737 ostreo,
378 671 408 727 ct
430 680 493 727 non
520 670 749 727 sacramentum.
768 661 843 725 Cim
867 664 959 739 tricor
985 671 1082 725 textus

76 747 148 810 dicut
165 748 277 828 specics
297 766 362 809 csse
382 756 618 820 sacromentum,
637 755 669 809 et
685 747 848 827 distingunt
867 757 1083 809 sommcntum

76 830 132 893 tre
148 832 281 897 simul—ot
295 841 496 907 sacramento,
510 832 590 913 quod
610 832 726 893 nitesce
738 848 845 910 corpus
861 830 993 908 Christi3
1010 846 1081 909 ergo

78 917 116 996 (ut
130 917 242 997 dicunt)
268 926 359 979 totam
380 918 526 979 rationem
545 918 719 978 sacrementi
746 924 842 980 textus
859 916 992 981 retundit
1012 916 1083 977 solis

23 1044 24 1049 .
77 1002 231 1077 speciebus,
247 1002 418 1064 Probantn.
434 1020 471 1063 ex
490 1002 626 1064 Trident.
642 1017 713 1063 sess.
727 1000 777 1061 ts.
798 1018 865 1062 can.
881 1002 909 1061 l.
925 1001 978 1061 uhi
989 998 1082 1061 hohe-

77 1094 141 1146 tur:
157 1084 193 1147 se·
207 1086 278 1167 qais
292 1084 443 1167 repererit
466 1084 499 1147 in
516 1088 569 1149 SS.
585 1084 786 1148 Eucharistia
803 1092 987 1147 ornamento
1011 1103 1082 1145 con·

23 1232 24 1237 .
77 1170 253 1244 tininensi,
273 1168 410 1245 realiter,
425 1178 455 1231 et
469 1167 708 1233 substantialiter
719 1186 825 1251 carpus
837 1213 845 1241 ,
856 1176 884 1230 et
903 1167 1079 1251 sanquinem

23 1264 24 1323 p
75 1253 154 1313 Item.
168 1256 211 1315 N.
225 1257 301 1317 lesu
323 1252 436 1317 Christi
444 1300 454 1330 ,
466 1252 629 1315 anathema
640 1252 691 1314 sit.
702 1252 799 1333 Ergo,
816 1255 841 1317 si
853 1270 959 1332 corpus
971 1250 1079 1314 Christi

23 1338 25 1431 ὲ
76 1339 236 1399 continetur
253 1340 286 1398 in
312 1346 512 1410 soeromeoto,
529 1337 665 1415 sequitur
679 1335 761 1414 qudd
780 1336 890 1415 species
906 1336 966 1395 siut
984 1352 1081 1396 mern·

74 1430 199 1483 mentum
214 1421 332 1485 cautim
346 1424 531 1485 continentes
554 1437 663 1499 corpus
681 1418 789 1483 Christi
801 1466 811 1497 ‚
822 1438 861 1483 ne
877 1419 993 1483 dicotur
1013 1438 1081 1484 cor·

73 1522 123 1581 pus
139 1506 247 1567 Christi
263 1506 409 1569 contineri
428 1507 461 1568 iu
479 1508 586 1585 seipso.

106 1590 170 1653 tto.
183 1624 223 1637 -
235 1589 370 1653 Socanda
379 1591 524 1653 sententia
535 1590 607 1652 vero
617 1634 626 1664 ‚
637 1608 727 1670 quom
741 1598 844 1653 tenent
856 1607 925 1653 cum
938 1586 1076 1653 Bateni.

23 1722 24 1731 .
72 1674 154 1735 Suar.
167 1672 198 1739 cl.
212 1678 262 1737 li.
274 1684 342 1738 sect.
356 1676 384 1736 5.
400 1676 485 1737 Cant.
508 1676 619 1735 Toarn.
636 1674 672 1737 de
681 1674 814 1738 dachar.
824 1682 908 1757 part.
919 1677 950 1736 t.
963 1692 1030 1755 cap.
1044 1676 1076 1734 t.

73 1768 126 1820 art.
140 1760 168 1823 l.
183 1758 275 1823 conel.
288 1764 319 1822 9..
330 1760 403 1823 item
422 1762 512 1841 Vasq.
528 1760 616 1821 Cone.
636 1758 703 1823 Val.
713 1769 766 1824 etc.
782 1756 967 1844 apudSalm.
979 1778 1012 1821 n.
1025 1758 1076 1821 29.

73 1842 138 1905 dicit
154 1854 369 1910 sacromentum
383 1844 573 1906 Eucharistiae
587 1846 747 1907 consistere
763 1846 795 1907 iu
814 1852 896 1907 recto
907 1846 1079 1906 siversscu-

23 1991 24 1994 ,
73 1929 173 1994 tiolitcr
187 1930 272 2012 ecqud
286 1931 318 1992 in
337 1928 488 2010 speciebus
505 1947 539 1992 oe
560 1928 592 1992 in
604 1948 729 2011 corpore
743 1929 862 1992 Christi.
879 1928 981 2003 Retio,
1006 1930 1077 2010 quis

23 2015 24 2018 ’
72 2033 104 2076 cx
120 2035 241 2098 corpore
253 2009 360 2078 Christi
377 2013 461 2094 nequi
478 2031 512 2078 ec
524 2016 679 2098 'speciebus
690 2034 785 2078 unum
800 2015 837 2076 tit
847 2027 1074 2076 sacromentum.
1115 2057 1120 2064 ·

72 2097 192 2162 Christus
206 2109 306 2162 autern
329 2101 498 2166 continetur
519 2101 551 2162 in
576 2110 759 2162 nocumento
786 2108 927 2179 tunquam
953 2117 1022 2178 pers
1042 2100 1076 2162 iu

23 2249 24 2254 .
73 2192 142 2257 toto,
158 2193 191 2246 ut
214 2185 311 2248 anima
334 2185 366 2246 in
390 2181 533 2257 homine,
561 2202 623 2247 non
643 2184 716 2250 vero
733 2193 874 2264 tunquam
896 2184 1008 2263 aliquid
1024 2200 1075 2244 ex·

72 2268 222 2331 trinsecum
244 2267 391 2332 irratione
419 2269 607 2335 sacrmenti.
630 2271 668 2332 Bt
695 2270 738 2332 sic
763 2267 960 2348 respondetur
981 2269 1074 2331 textui

23 2349 24 2380 ³
66 2371 151 2430 vcpuern
171 2362 327 2433 opponunt
344 2351 525 2416 Tridentini.
549 2355 677 2434 liaecque
698 2357 775 2415 retia
791 2353 984 2416 confirmetur
1001 2351 1018 2413 i
1033 2355 1072 2414 D.

23 2453 24 2456 ¹
72 2437 226 2520 depertino
239 2439 333 2498 relato
350 2437 382 2497 in
400 2454 468 2498 ean.
490 2440 620 2501 Haesit.
635 2441 686 2500 ts.
701 2436 861 2500 nisenus
882 2437 1074 2500 consemubi

72 2521 146 2584 docet
163 2521 221 2588 hoe
236 2529 452 2584 sacromentum
469 2519 583 2584 lecta
610 2529 765 2596 constare,
787 2519 901 2585 vindi&
922 2518 1075 2586 elemento·

72 2606 258 2690 conspecte,
278 2613 306 2668 et
326 2601 472 2668 invisibili
493 2607 619 2668 Domini
640 2607 683 2668 N.
705 2609 779 2668 lesa
800 2604 913 2666 Christi
935 2623 1024 2668 curae
1045 2615 1076 2668 et

23 2717 24 2744 r
71 2691 224 2772 sanpnine,
247 2691 324 2752 sicut
340 2688 453 2752 Christi
473 2706 602 2771 persona
621 2695 738 2751 constat
760 2705 798 2749 ea
815 2689 923 2750 Decet
942 2687 1073 2752 hancine.

23 2805 24 2854 3
70 2777 111 2836 Ad
124 2783 235 2836 textum
257 2784 357 2836 nutem
379 2775 411 2836 in
433 2793 500 2858 cap.
520 2771 673 2852 Marticu,
688 2773 847 2854 respondet
862 2773 945 2856 arpo
958 2773 994 2836 de
1007 2779 1075 2839 En·

23 2859 24 2868 ’
69 2859 179 2922 ciarht.
195 2858 226 2922 d.
242 2861 272 2922 l.
296 2877 381 2920 nam.
397 2861 447 2920 27.
472 2859 536 2941 (qui
562 2857 710 2922 diversum
727 2860 853 2920 sustinet
870 2860 1069 2940 sententium,

69 2962 167 3024 nempe
187 2942 269 3024 qudd
282 2943 406 3006 essentie
421 2941 610 3008 Eucharistiae
633 2944 667 3005 iu
687 2951 770 3005 recto
785 2943 924 3004 consistet
945 2943 978 3005 in
1004 2963 1071 3007 cor·

70 3045 134 3106 pore
154 3025 278 3102 Christi,
293 3033 324 3088 et
339 3029 371 3088 in
391 3027 513 3106 obliquo
524 3025 642 3090 tuntum
656 3028 689 3089 in
711 3026 874 3107 speciebus)
894 3026 975 3107 quid
992 3028 1071 3091 Pon·

70 3113 151 3188 tiles,
166 3111 292 3173 dicendo
311 3113 425 3192 specics
449 3127 511 3172 csse
533 3121 772 3188 sacramentum,
796 3130 858 3174 nou
877 3111 1006 3175 intendit
1024 3113 1070 3176 di·

71 3213 145 3269 ccre,
177 3194 237 3258 uid
254 3195 324 3258 soloe
337 3196 446 3276 species
459 3197 519 3258 sint
533 3205 772 3273 sacromentum,
788 3195 841 3257 sed
858 3194 940 3275 quor
959 3198 1070 3275 specics

23 3273 24 3304 ³
71 3275 95 3342 in
111 3215 289 3342 Euliroristin
303 3297 364 3342 nou
390 3278 502 3342 habeut
521 3279 602 3342 aliud
627 3297 737 3342 munus
760 3280 852 3362 quim
871 3283 1068 3362 sacromenti3

71 3365 225 3446 significant
244 3366 344 3438 enim,
358 3373 389 3426 et
411 3383 474 3427 nou
491 3365 716 3445 significentur3
738 3365 774 3425 od
790 3364 988 3428 differentiam
1002 3382 1067 3427 eor·
1094 3408 1098 3412 -

72 3450 141 3526 poris
161 3448 289 3524 Christi,
309 3449 389 3530 quod
410 3457 454 3511 est
478 3457 692 3510 sacromentum
712 3450 801 3512 simul
821 3458 852 3510 et
866 3467 936 3524 res,
959 3467 1066 3529 nempe

23 3547 24 3606 3
72 3532 140 3612 quod
149 3532 424 3615 significntgrotinm
431 3577 441 3614 ‚
455 3539 486 3598 et
498 3532 680 3615 significetur
689 3531 705 3594 t
714 3534 881 3614 speciebus3
896 3551 957 3597 non
967 3544 1067 3597 autem
