2450 3975
136 134 195 198 sao
249 112 253 119 ’
363 127 473 193 croc.
492 120 907 191 maerensmaerens.

135 248 198 309 noo
212 244 292 307 Petri
312 258 345 305 sc
363 239 495 304 obtulit:
514 238 597 299 adest
616 236 706 299 etiem
728 234 890 297 destructio
912 250 964 297 seu
977 234 1149 299 immutatio

133 336 278 407 victime,
291 332 365 395 dirm
375 333 407 391 ri
416 330 576 393 verborum
585 326 649 405 jam
660 343 766 404 corpus
776 324 794 386 d
803 326 945 403 sanguine
953 326 1062 389 Christi
1069 344 1151 405 sepa·

133 430 226 481 retur.
242 421 310 480 ttoec
320 416 465 479 sententio
476 422 521 477 est
537 410 661 490 quidem
673 411 759 475 valde
773 408 955 491 probabilis,
968 420 1000 473 et
1011 428 1150 475 commu-

133 506 221 576 nior,
231 503 284 565 sed
301 500 483 584 probabilior
500 496 574 560 mihi
586 497 707 559 videtur

173 590 290 665 Quarto
301 582 533 663 sentcntioiticdt
544 582 639 644 tertie
650 580 946 661 adheserim)‚quam
953 588 1057 645 tenent
1067 582 1147 647 Beli.

134 671 156 732 i.
171 674 202 734 2.
218 670 350 734 deuios.
362 670 448 731 eii.
468 665 547 727 circo
564 664 622 744 fio.
643 668 755 733 Toum.
775 664 868 729 Prot.
887 662 974 728 theol.
988 665 1025 729 de
1039 666 1147 749 sacrif.

133 757 285 820 missust.
299 748 581 833 ziofinxoncdd.
598 756 627 812 et
639 750 742 811 ssu.
762 748 838 811 ind.
857 751 889 812 d.
901 751 950 812 rt.
969 768 999 831 q.
1019 754 1050 812 t.
1065 754 1147 815 Bon.

133 843 202 903 di.
213 860 244 921 q.
255 838 310 901 ott.
317 841 387 921 pt).
401 845 430 899 et
437 832 495 897 otis·
502 854 554 916 op.
562 836 677 897 Dicust.
687 834 755 896 iiaec
761 836 905 897 sententia
911 834 983 898 dicit
989 837 1164 917 essentiam

132 926 321 989 Eucharistiae
328 924 487 985 consistere
493 921 657 1001 partialiter
664 920 696 981 in
705 921 973 994 consecratione,et
980 922 1150 999 partialiter

134 1011 166 1071 in
183 1008 414 1088 sumptione3in
431 1006 649 1069 consecratione
665 1005 747 1066 enim
761 1006 884 1083 ponitur
896 1005 1038 1078 victima,
1063 1013 1095 1067 et
1113 1008 1149 1068 in

133 1094 303 1173 sumptione
315 1091 719 1169 consumitur.iiatiot.quin
728 1107 834 1151 verum
844 1101 874 1153 et
883 1090 1148 1155 reolesserificium

132 1198 234 1242 veram
251 1182 379 1260 requirit
392 1188 423 1240 ct
436 1180 546 1240 realem
556 1178 786 1239 destructionem
802 1176 847 1239 rei
863 1176 986 1250 oblate,
1002 1195 1069 1255 quac
1083 1196 1149 1241 non

133 1264 276 1341 habetur,
290 1266 346 1329 nisi
361 1286 415 1346 per
431 1266 633 1345 sumptionem
650 1262 809 1325 sacerdotis
820 1306 829 1336 ‚
842 1264 902 1343 qui
916 1262 1082 1326 destruitur
1099 1282 1150 1325 sa·

133 1353 322 1413 eramentaiis
333 1351 457 1412 essentia
470 1349 588 1411 Christi.
605 1350 667 1410 Nec
683 1348 779 1409 obstet
796 1347 894 1410 dicere
906 1391 915 1421 ‚
926 1346 1008 1429 qudd
1023 1348 1055 1409 in
1070 1366 1147 1411 con·

132 1438 295 1498 secretione
305 1436 367 1514 jam
381 1434 523 1496 habeatur
536 1452 617 1495 mors
630 1435 773 1513 mystica,
789 1440 820 1495 et
838 1434 871 1495 in
889 1442 1005 1494 tantum
1017 1452 1076 1495 non
1091 1432 1148 1495 ho-

131 1518 221 1582 betur
236 1539 317 1582 mors
329 1521 437 1593 realis,
452 1521 483 1579 in
504 1527 650 1596 quantum
673 1527 796 1598 propter
814 1520 980 1581 naturalem
994 1520 1147 1582 concomi·

132 1605 272 1680 tantiam,
291 1601 561 1685 nequeuntchristi
573 1604 693 1683 sanguis
707 1646 715 1677 ,
731 1612 762 1665 et
780 1605 878 1665 anima
893 1602 1048 1683 deorpore
1059 1622 1147 1685 scpu-

131 1691 203 1751 rari.
216 1694 292 1753 Nam
305 1690 520 1773 respondetur,
540 1688 621 1768 qudd
640 1688 665 1749 ei
685 1689 912 1751 concomitantia
933 1690 984 1751 itta
999 1692 1146 1752 naturalis

73 1822 79 1831 .
131 1776 273 1853 impediat
282 1787 427 1849 mortem,
442 1773 583 1854 impediet
592 1774 683 1835 etium
696 1768 892 1847 sacrificium,
903 1773 982 1852 quod
991 1775 1057 1835 sine
1072 1788 1144 1838 reru

131 1867 161 1918 et
172 1860 245 1919 reali
259 1860 457 1922 destructione
468 1876 530 1920 non
551 1859 746 1920 consumitur.
764 1858 849 1918 Ratio
860 1860 891 1920 2.
906 1858 975 1937 quic
986 1858 1011 1919 si
1021 1858 1146 1921 destru-

130 1942 188 2004 ctio
205 1960 267 2004 non
291 1944 377 2007 ficret
402 1961 457 2023 per
481 1944 702 2024 sumptionem,
722 1950 897 2022 sequeretur
921 1941 1003 2024 quod
1026 1945 1144 2009 sacrifi·

130 2029 210 2088 cium
232 2028 318 2088 fieret
341 2029 374 2091 in
392 2028 485 2101 creto,
503 2031 565 2089 nod
590 2029 622 2090 in
644 2028 751 2104 altari3
771 2046 841 2092 ucm
864 2029 951 2090 utin
974 2028 1061 2090 eltsri
1089 2031 1144 2094 tint

129 2112 323 2186 sacrificium,
348 2130 423 2192 opus
441 2121 533 2173 estut
550 2111 634 2191 pride
654 2113 695 2175 ibi
715 2113 834 2174 victima
850 2122 980 2192 ponatur
1004 2114 1140 2194 integra,
1208 2091 1209 2136 ¹

130 2206 161 2257 et
173 2196 282 2258 deinde
304 2197 482 2260 destruatur.
500 2194 576 2258 cum
596 2206 697 2258 autem
714 2198 747 2258 iu
770 2197 990 2260 consecratione
1008 2199 1094 2276 penis
1110 2205 1143 2262 ri

130 2281 291 2344 verborum
302 2284 402 2343 veniat
412 2281 529 2344 tantdm
543 2299 651 2362 corpus
666 2281 836 2360 dsanguine
847 2289 1013 2359 separatum
1026 2301 1036 2340 s
1047 2285 1143 2362 scqui-

129 2375 180 2428 tur
200 2369 387 2447 praesupponi
405 2367 564 2430 destructio
578 2366 641 2444 jorn
662 2362 735 2427 facta
753 2367 785 2427 in
809 2367 903 2442 coelo,
925 2365 977 2428 ubi
1004 2357 1141 2433 Christus
1204 2409 1205 2420 κ

129 2452 244 2532 integer
255 2459 366 2514 manet.
381 2454 441 2514 Nec
460 2453 556 2513 obstet
571 2452 670 2513 dicere
681 2447 778 2531 quid,
790 2451 859 2513 iicet
868 2469 923 2532 per
938 2469 971 2514 se
985 2454 1017 2513 vi
1033 2454 1141 2518 verho-

128 2557 198 2599 rum
225 2555 333 2619 corpus
357 2539 456 2599 veniat
479 2545 647 2616 separatum
673 2534 690 2596 d
713 2537 857 2617 sanguine
875 2581 884 2612 ‚
905 2537 1021 2601 ratione
1040 2547 1142 2603 tamen

129 2624 363 2686 concomitantia
381 2623 513 2684 Christus
534 2624 648 2702 integer
670 2621 751 2682 venit
767 2657 790 2696 ,·
804 2641 838 2684 ac
866 2624 992 2706 proinde
1016 2623 1142 2704 mysticis

128 2707 303 2769 destruitur.
318 2712 393 2769 Nam
405 2709 618 2788 respondetur,
638 2706 719 2788 qudd
740 2707 797 2770 hoe
821 2717 896 2770 esset
915 2727 970 2789 per
986 2709 1138 2785 accidens,

103 2857 106 2868 ,
127 2809 189 2851 nou
201 2807 255 2867 per
270 2809 323 2867 se;
338 2793 390 2853 scd
406 2793 476 2854 crim
491 2794 670 2856 sacrificium
685 2792 731 2872 (ut
747 2801 921 2874 supponunt
930 2800 1065 2856 auctores
1076 2803 1139 2856 ter-

127 2874 350 2953 tiaesententire)
367 2876 420 2936 fiat
432 2895 487 2955 per
502 2895 535 2938 se
556 2879 587 2939 ri
608 2877 792 2951 verborum,
813 2880 929 2942 ratione
945 2880 1138 2959 separationis

126 2959 275 3039 sanguinis
292 2957 309 3020 d
327 2976 472 3036 corpore,
491 2980 608 3024 necesse
621 2973 688 3036 est,
704 2971 739 3024 nt
759 2963 848 3024 etiam
866 2980 921 3044 per
938 2980 970 3024 se
986 2963 1016 3023 vi
1029 2963 1138 3027 verho-

126 3063 195 3107 rum
207 3053 336 3126 ponatur
352 3046 467 3124 integer
479 3047 613 3109 Christus
627 3091 642 3120 ‚-
650 3047 735 3130 priris
753 3047 843 3127 quim
858 3047 1039 3110 destruatur.
1051 3049 1137 3112 Crete

125 3132 196 3195 rum
212 3133 269 3213 ipsi
283 3130 442 3192 adversarii
461 3131 564 3194 dicunt
577 3132 659 3213 qudd
674 3135 826 3213 sumptio,
846 3133 980 3213 quamvis
993 3147 1061 3197 'nou
1070 3151 1137 3213 spo·

125 3225 184 3278 ctat
193 3218 231 3278 ud
240 3216 396 3280 essentiam
408 3215 555 3293 sacrificii,
566 3226 677 3297 spectet
686 3225 786 3280 tamen
797 3219 835 3281 ad
846 3218 909 3297 ejus
922 3216 1134 3297 integritatem,

125 3309 160 3358 ut
166 3303 298 3362 sacerdos
312 3301 666 3381 participctdereoblatu.
677 3297 998 3383 Quapropterltubricn
1011 3301 1134 3366 Missilis

124 3381 181 3457 (tit.
194 3385 242 3443 to.
251 3384 287 3445 de
304 3383 408 3464 defert.
420 3406 453 3447 rr.
469 3386 512 3467 ὅ.)
527 3389 571 3449 sic
582 3394 684 3449 monet
696 3407 706 3447 ε
719 3386 755 3450 Si
762 3384 895 3450 socordes
904 3383 1037 3468 praviter
1048 3385 1135 3467 infir-

124 3470 237 3534 ΜΨ,
259 3477 314 3525 oot
329 3471 480 3532 cooriatur
493 3481 563 3554 post
575 3471 819 3536 mrrseoroticoem
843 3471 973 3553 corporis
993 3472 1131 3546 matrim.

126 3546 193 3598 ‘mit
202 3551 443 3612 wmscrotionear
452 3556 625 3635 conquiris,
645 3553 691 3616 cel
706 3564 829 3638 retroque
848 3562 1028 3633 corrserruto,
1042 3555 1132 3622 arcusa
