2450 3975
130 164 189 227 666
380 160 445 225 tat.
457 163 488 223 6.
506 160 903 244 6666611666666666.

130 264 261 329 munitet·
277 262 383 327 docent
394 261 509 327 Palatua
522 272 560 325 tr.
576 268 606 327 6.
621 262 691 325 diat.
711 265 742 325 6.
777 271 836 323 ort.
850 264 881 322 9.
893 279 926 321 e.
938 263 987 323 tt.
1001 264 1083 325 Bon.
1102 262 1140 325 dt

129 358 219 411 matr.
232 349 301 413 diat.
315 352 346 411 1.
358 358 440 432 pert.
459 352 508 411 16.
521 369 605 411 oum.
620 351 669 410 16.
679 357 709 410 66
716 284 808 409 Sosia.
821 356 861 408 tr.
873 349 904 409 6.
917 366 945 408 6.
958 350 987 409 t.
1000 368 1031 430 p.
1055 350 1086 408 6.
1102 368 1139 409 aa.

129 435 178 495 62.
192 452 257 495 6666
276 436 356 496 Noe.
372 434 469 515 Greff.
488 432 639 504 Candido,
652 435 726 514 Lep.
748 440 804 494 666.
823 432 945 493 uadunt
961 434 1051 495 Groie
1067 430 1091 494 l.
1105 436 1138 495 t,

129 536 162 581 a.
176 521 244 580 tta.
258 520 377 581 666666.
397 523 508 581 Toum.
528 515 645 579 deecit.
661 535 730 577 cum
743 517 863 579 666666.
880 516 981 596 6666,
1001 516 1071 577 caim
1088 537 1139 580 oe·

128 602 205 663 casio
231 612 350 665 externa
370 603 560 681 conjungitur
575 620 643 663 cuna
657 604 809 680 passione,
830 612 882 662 aut
903 603 1066 662 tentatione
1087 621 1139 663 uc·

129 684 259 749 bcmcnti
270 734 279 763 ,
290 690 336 749 vel
351 687 453 749 habitu
475 686 601 756 vitioso,
623 686 672 745 vel
686 685 754 747 lorti
774 688 952 761 tentatione,
968 696 1068 765 peccet
1085 688 1139 765 qui

129 788 193 831 eam
213 791 272 833 non
285 773 445 849 relinquit,
457 771 511 832 etsi
526 770 653 832 necdum
665 771 784 831 cesserit
800 772 1053 849 tentationi3quia
1069 770 1139 834 rard

129 857 255 935 accidet,
278 856 357 934 6666
373 857 437 917 talis
459 874 491 916 se
507 851 691 926 continebit,
705 856 729 915 si
752 854 789 915 ab
802 855 951 915 occasione
970 873 1031 914 non
1054 872 1138 934 sepa·

128 950 212 1003 retur
226 962 234 999 :
248 941 327 1001 unde
347 941 388 1001 eit
402 942 487 1001 Ceut.
504 942 613 1001 roam.
635 936 720 1010 ibid,
734 937 1043 1017 66666661116616166
1061 940 1138 1001 solli·
1213 951 1214 1012 l

128 1027 214 1085 citata
234 1026 272 1086 ab
292 1023 363 1085 hero
384 1033 502 1087 tenetur
529 1025 568 1084 ab
589 1025 669 1085 illius
690 1021 779 1085 domo
798 1024 968 1101 discederc3
987 1025 1040 1101 qui
1056 1025 1138 1083 enim
1213 1019 1215 1076 i

128 1108 221 1171 liberti
245 1118 463 1183 commoratur,
476 1110 527 1171 ubi
545 1120 604 1171 tam
618 1109 779 1188 periculose
800 1108 838 1170 66
859 1110 971 1169 malum
986 1110 1137 1180 allicitur,
1213 1175 1214 1190 6

128 1214 188 1259 666
211 1203 308 1275 potest
324 1197 541 1257 rationabiliter
564 1212 683 1273 sperare
701 1194 855 1255 victoriam
879 1195 1067 1265 tentationis,
1081 1194 1138 1255 nisi
1213 1205 1214 1208 ’

128 1283 244 1343 auxiliis
262 1281 363 1359 gratiae
382 1280 645 1349 extraordinariis,
664 1298 731 1356 666
758 1280 868 1357 sperari
886 1281 950 1339 sine
972 1281 1138 1341 temeritate

129 1375 281 1445 nequeunt
299 1365 335 1426 ab
348 1384 405 1438 co,
426 1366 477 1443 qui
501 1362 593 1423 liberi.
611 1364 776 1442 peniculum
791 1364 885 1423 vitare
901 1373 1019 1443 potest,
1035 1374 1066 1424 ct
1078 1382 1139 1423 non

128 1454 213 1513 vitat.
231 1452 411 1511 nontamen
426 1447 616 1527 intelligenda
638 1457 708 1507 eunt
718 1492 727 1518 ,
738 1448 763 1508 si
777 1446 947 1525 hujusmodi
962 1468 1089 1527 persona
1101 1450 1139 1508 sit

128 1536 255 1616 16661116,
274 1542 306 1596 66
331 1532 438 1614 partim
455 1534 578 1609 devota3
604 1551 674 1593 nam
695 1534 720 1591 si
746 1534 822 1593 ess'et
845 1535 946 1611 pietati
966 1535 1088 1607 dedita,
1108 1544 1141 1595 et

128 1630 229 1695 cauta,
240 1628 270 1683 et
288 1628 454 1700 opportuna
469 1616 624 1679 adhiberet
642 1617 772 1678 remedia
790 1617 829 1678 66
848 1619 1024 1679 tentationes
1041 1622 1139 1699 repcl-
1213 1673 1214 1702 ,

128 1710 230 1773 166666
242 1728 276 1770 66
289 1707 416 1789 passioni
434 1704 638 1777 obviandum,
659 1712 730 1765 tunc
750 1722 815 1764 eam
841 1722 902 1765 non
921 1705 1138 1784 abstringcrem
1213 1755 1214 1768 ,

128 1794 165 1859 66
187 1794 367 1856 occasionem
380 1790 579 1853 auferendam,
1213 1837 1214 1864 Ξ

162 1880 242 1940 Dicit
258 1886 357 1939 autam
370 1878 462 1937 11666.
472 1894 497 1935 6.
512 1878 541 1936 b.
553 1894 583 1954 6.
601 1877 632 1937 8.
645 1892 705 1935 666
722 1892 785 1935 esse
800 1872 964 1952 negmdam
975 1875 1140 1939 absolutio
1213 1873 1214 1894 *

129 1980 196 2028 nem
209 1962 312 2038 juveni
326 1969 357 2021 et
379 1961 506 2038 puellae,
520 1961 571 2038 qui
585 1962 685 2039 aliquo
698 1971 832 2040 tempore
842 1978 874 2021 ae
892 1960 1025 2022 invisunt
1036 1964 1139 2028 animo
1213 2000 1214 2041 3

128 2046 352 2112 matrimonium
366 2043 581 2120 contrabendi3
603 2062 692 2105 nemo
712 2047 793 2106 enim
809 2045 872 2124 (616)
890 2054 1009 2106 tenetur
1029 2047 1140 2111 ducere
1195 2058 1214 2094 -’

128 2147 284 2214 personam
301 2129 431 2208 ignotam
443 2171 451 2198 ,
464 2129 513 2188 sed
528 2145 582 2206 per
595 2128 716 2205 aliquod
734 2138 852 2208 tempus
867 2140 964 2206 potest
982 2134 1138 2210 experiri,

128 2217 236 2297 quibus
256 2214 389 2277 moribus
409 2213 482 2273 alter
502 2214 541 2274 sit
561 2213 794 2291 666616661166
820 2215 939 2274 assertio
959 2217 1140 2293 speculative
1213 2224 1214 2291 ζ

127 2301 275 2382 loquendo
291 2299 410 2359 uidetur
423 2299 604 2360 rationabilis
617 2319 627 2376 3
640 2298 691 2360 aed
705 2317 760 2378 ogo
778 2300 959 2376 experientid
970 2299 1074 2361 doctus
1085 2304 1138 2364 vix
1213 2330 1214 2333 ¹

128 2385 274 2446 semelvel
287 2382 395 2444 iterium
409 2385 612 2463 permitterem
629 2403 736 2464 sponso
748 2384 784 2444 ad
801 2385 923 2443 domum
935 2401 1049 2463 sponsae
1061 2405 1140 2448 accc·
1213 2374 1215 2397 '

127 2469 217 2542 dere,
232 2469 278 2529 vel
291 2485 403 2546 sponsoe
412 2478 463 2528 666
479 2469 650 2547 perentibus
664 2471 750 2529 illum
759 2470 793 2529 ln
803 2469 892 2529 domo
901 2471 1035 2547 excipere
1046 2514 1055 2543 ,
1067 2472 1138 2534 rard

128 2556 209 2616 enim
221 2554 337 2632 reperi,
353 2554 448 2632 quiin
464 2555 516 2614 tali
526 2572 640 2614 accessu
653 2571 713 2614 non
726 2555 889 2634 peccaverit
899 2597 908 2625 ,
920 2555 1023 2614 saltem
1037 2557 1138 2618 verbio
1213 2564 1215 2604 ³

128 2648 179 2699 aut
201 2638 444 2716 cogitationibus,
465 2636 532 2698 crim
557 2657 659 2700 omnes
680 2648 830 2718 aspectus,
848 2648 880 2699 et
890 2639 1035 2716 colloquia
1056 2642 1137 2703 inter

128 2721 297 2798 hujusmodi
313 2739 434 2800 sponsos
446 2723 506 2782 sint
517 2725 665 2784 incentiva
677 2724 713 2783 ad
725 2723 904 2802 peccandum
915 2767 924 2795 ,
935 2733 967 2784 66
982 2726 1138 2786 moraliter

56 2843 59 2850 ·
94 2861 101 2872 .
128 2805 307 2884 impossibile
325 2807 363 2865 sit
374 2805 452 2882 ipsos
468 2808 595 2869 invicem
608 2817 797 2880 tractore,et
806 2808 940 2868 stimulos
952 2815 1057 2887 turpes
1072 2829 1138 2872 non
1213 2838 1214 2881 t

127 2889 237 2952 sentire
250 2888 286 2948 ad
299 2905 332 2947 ea
344 2931 353 2960 ,
367 2907 433 2965 6666
449 2899 582 2970 ternpore
596 2892 725 2970 conjugii
745 2895 824 2953 inter
837 2911 869 2952 se
887 2894 985 2953 lutura
1002 2904 1083 2955 sunt.
1100 2897 1137 2957 ln
1213 2894 1214 2955 3

128 2971 176 3036 his
189 2979 286 3032 autem
303 2973 441 3032 omnibus
451 3017 461 3049 ,
473 2976 637 3052 praesertim
655 2977 707 3036 ubi
719 2979 851 3056 turpium
869 2977 1005 3054 lapsuum
1018 2979 1138 3056 pericu·

127 3059 190 3118 lum
204 3057 360 3129 imminet,
380 3056 516 3119 advertat
531 3060 650 3121 sedulus
667 3062 874 3131 confessarius,
886 3060 967 3138 qudd
980 3079 1137 3142 nunquam
1213 3072 1214 3127 i

127 3140 276 3203 crudelius
296 3159 327 3202 se
349 3149 432 3220 geret
447 3161 514 3202 curn
531 3145 694 3222 poenitente
718 3145 807 3224 quim
827 3144 984 3224 benignius
1000 3149 1137 3224 agendo,
1213 3178 1215 3213 ι

127 3227 226 3305 66666
238 3226 379 3306 majorem
395 3229 579 3289 severitatem
592 3229 760 3306 adhibebit,
777 3231 814 3292 66
831 3230 935 3292 metita
951 3233 1137 3313 illiussaluti

126 3313 263 3372 consulet.
277 3317 318 3374 D.
336 3313 736 3394 utammotstttamvatrar.
748 3320 778 3376 6.
788 3325 857 3396 poet
873 3319 962 3377 Dom.
973 3319 1002 3376 6.
1021 3318 1137 3399 Quod.)

124 3402 207 3480 uocat
217 3397 404 3457 confessarios
414 3398 504 3478 impie
514 3399 598 3480 pios,
611 3401 665 3480 qui
683 3418 720 3459 ne
738 3399 921 3478 confitentem
939 3403 1134 3480 6666666666,

124 3465 209 3529 ellum
229 3477 264 3567 in
280 3495 338 3536 ouo
355 3481 491 3560 6666666
517 3486 636 3544 oronim
660 3484 845 3564 permittunt.
863 3488 924 3545 Nec
940 3486 1135 3546 confessarius

123 3548 236 3608 mihin
246 3555 333 3616 debeb
345 3601 354 3630 t
365 3563 389 3621 si
405 3567 552 3638 poenitens
570 3567 649 3627 dicat
661 3569 693 3627 in
705 3567 875 3645 hujusmodi
890 3569 1004 3630 casibus
1016 3570 1136 3632 scende-
