2450 3975
125 192 166 255 60
366 188 430 253 dib.
445 191 475 251 6.
495 190 591 251 Tenet.
605 184 895 251 6666616616.

125 288 291 369 placentie,
307 288 452 351 excitandi
472 288 563 351 bonas
576 289 818 369 imaginationes,
834 289 932 369 ipsum
945 304 1053 369 corpus
1064 309 1135 354 san·

125 374 271 437 ctificandi
282 418 289 445 ,
301 376 417 453 corpori
431 374 580 437 tribuendi
591 376 835 435 resurrectionem
845 419 853 446 ,
864 384 895 437 et
902 376 1135 454 gloriamvalde

125 469 221 519 autem
242 460 395 536 probabile
418 468 482 529 est,
505 460 615 537 species
636 469 836 528 consecratas,
851 461 992 538 quamdiu
1008 470 1078 521 sunt
1098 464 1134 522 in

124 544 292 607 stomacho.
307 544 433 621 majores
449 546 556 623 gratias
572 562 709 613 causare,
725 543 829 621 majori
840 546 1031 623 dispositione
1050 566 1133 608 aece-

124 624 229 773 gente,
253 637 287 689 ut
303 629 392 691 croix
410 630 796 693 centumcentur.
814 626 1136 711 Goj.Vol.Lupo.Vide

145 715 201 773 icio
216 734 249 774 n.
264 716 332 775 227.

161 802 231 860 270.
246 831 286 845 -
299 801 398 873 Quaer.
413 801 437 861 l.
455 800 499 859 bu
516 799 655 861 accedere
665 800 702 860 ad
712 799 924 861 Eucharistiam
937 818 1005 861 cum
1015 812 1137 881 peceato

123 884 231 944 veniali
253 883 416 955 habituali,
430 884 468 943 sit
488 901 599 944 novum
613 886 751 945 veniale?
763 885 921 946 Affirmant
933 887 1038 966 leym.
1051 891 1134 949 161.

122 988 149 1031 6.
166 971 195 1029 6.
212 988 245 1029 6.
257 970 286 1027 5.
298 976 325 1027 61
335 970 421 1028 Cone.
435 984 469 1027 oc
481 966 548 1027 Dic.
566 967 649 1049 opud
656 965 751 1031 Solea.
763 976 802 1030 tr.
815 968 899 1030 cibe.
911 971 941 1030 7.
949 988 982 1052 p.
996 974 1025 1031 2.
1035 992 1067 1033 n.
1078 975 1132 1035 20.

124 1053 318 1113 Probabiliter
338 1050 410 1113 verb
433 1061 541 1131 negant
555 1054 661 1125 Sotua,
676 1056 736 1124 So,
760 1055 850 1135 Vcap.
865 1062 919 1116 ete.
942 1073 1010 1116 cum
1027 1057 1134 1118 iisdem

122 1136 215 1201 Soloe.
231 1136 303 1200 ibid.
320 1158 353 1199 n.
371 1140 419 1199 2l.
435 1140 540 1210 Ratio,
561 1137 626 1201 tiam
647 1140 717 1218 quia
740 1139 802 1200 baec
820 1138 917 1217 potitis
937 1149 1012 1201 esset
1030 1142 1135 1203 defici·

122 1225 200 1288 entia
219 1225 355 1304 perfectae
373 1226 565 1297 reverentiae,
582 1224 671 1302 quiam
694 1226 819 1304 positive
835 1226 1025 1288 irreverentia
1041 1250 1050 1288 e
1065 1228 1135 1291 tirm

122 1312 191 1391 quia
209 1312 270 1389 ipsa
288 1312 424 1372 voluntas
439 1309 600 1389 recipiendi
615 1309 848 1384 Eucharistiam,
864 1320 895 1371 et
909 1311 973 1389 ejus
992 1312 1134 1375 effectum

121 1406 165 1459 eat
181 1397 315 1475 quaedam
335 1397 469 1457 virtualis
486 1396 648 1456 venialium
670 1396 839 1465 detestatio,
853 1397 911 1474 qud
924 1397 1018 1476 culpae
1031 1416 1134 1460 remo·

121 1491 245 1553 ventur,
269 1483 309 1541 ita
330 1492 364 1543 ut
383 1482 452 1559 ipsse
474 1478 599 1541 minime
618 1480 792 1540 sacramenti
807 1480 938 1541 fructum
954 1483 1131 1561 impediant.
1219 1479 1220 1536 l

158 1564 676 1645 Quaeriturll.Anquicommnnicat
686 1583 752 1626 eum
762 1574 879 1644 peccato
888 1567 995 1626 veniali
1006 1569 1133 1635 actuali.
1219 1601 1220 1604 κ

120 1661 221 1732 peccat
243 1651 419 1723 venialiter,
444 1659 475 1712 et
498 1651 629 1711 fructum
651 1650 824 1709 sacramenti
849 1651 988 1711 amittat?
1006 1653 1134 1726 Quaado
1219 1667 1220 1682 ¹

120 1740 203 1819 culpa
229 1736 318 1797 allicit
342 1737 434 1815 ipsam
457 1736 714 1805 communionem,
731 1734 802 1814 putb
821 1732 889 1795 caim
910 1736 977 1812 quis
995 1754 1134 1799 mmmc-

120 1826 198 1884 nicot
221 1824 259 1884 ob
279 1824 397 1883 inanem
418 1822 540 1901 gloriam
564 1822 610 1881 vel
632 1822 722 1881 alium
742 1821 833 1881 linem
853 1821 1020 1895 venialem,
1041 1841 1133 1885 nemo

119 1908 235 1967 dubitat
258 1908 333 1985 quin
358 1908 512 1967 venialiter
534 1907 623 1966 etiam
648 1914 771 1985 peccet,
792 1913 827 1966 ut
851 1903 955 1966 dicunt
977 1915 1134 1985 tamquam

119 1999 233 2052 eertum
254 1986 348 2051 Saloe.
364 1990 398 2051 de
409 1990 504 2052 acet.
514 2010 538 2052 c.
554 1993 584 2052 7.
594 2011 626 2073 p.
634 1994 665 2052 2.
677 2011 709 2051 n.
720 1993 769 2052 22.
782 1999 812 2053 ct
826 1990 928 2052 Tcmb.
939 1991 1033 2053 Meet.
1046 1994 1131 2054 Com..

13 2113 23 2123 -
118 2096 143 2138 c.
158 2080 186 2136 1.
201 2075 228 2156 S.
244 2077 274 2136 1.
289 2093 322 2134 6.
338 2077 367 2136 9.
384 2077 515 2135 Dubium
535 2085 597 2148 est,
617 2096 654 2136 an
675 2087 775 2155 peccet
793 2078 967 2144 venialiter,
981 2077 1033 2155 qui
1047 2097 1133 2140 com·

119 2163 248 2222 manicat
267 2177 335 2220 cum
355 2160 460 2220 actuali
480 2162 525 2221 vel
544 2162 663 2221 virtuali
681 2162 785 2222 ellectu
803 2162 942 2240 peccandi
961 2163 1130 2237 venialiter,

118 2248 165 2309 vel
184 2266 252 2308 enm
275 2247 382 2306 veniali
402 2248 638 2317 concomitante,
659 2246 730 2325 putb
750 2266 818 2307 eum
836 2247 1002 2308 voluntaria
1021 2248 1132 2309 distra—
1218 2254 1219 2257 ’

117 2333 234 2404 ctione,
250 2332 298 2391 vel
311 2331 487 2408 proferendo
500 2333 588 2393 verba
603 2334 714 2405 otiosa,
730 2342 761 2393 et
778 2332 890 2393 simili?
903 2335 1019 2410 Negant
1036 2334 1129 2412 Voaq.
1218 2370 1219 2401 a

116 2423 175 2488 So,
196 2414 307 2478 leand.
325 2423 377 2476 cte.
399 2416 482 2498 opud
497 2417 586 2478 Graiu
602 2415 624 2477 1.
642 2418 672 2476 6.
684 2435 718 2498 p.
742 2421 767 2477 1.
788 2437 821 2478 6.
839 2417 909 2478 522.
924 2427 956 2478 61
974 2416 1131 2496 probabile
1218 2420 1219 2423 ’

117 2513 200 2586 putat
225 2500 327 2563 Tanab.
347 2497 368 2560 l.
395 2520 421 2562 e.
441 2501 547 2562 Verivis
577 2510 675 2561 tamen
706 2501 855 2563 affirmant
877 2504 1129 2563 eumcommuni

115 2595 205 2652 Suor.
218 2587 249 2648 cl.
261 2588 309 2648 66.
324 2603 350 2647 a.
368 2588 397 2647 l.
412 2605 441 2646 6.
454 2583 637 2662 Dicendum,
650 2588 733 2667 lupo
745 2585 775 2646 d.
787 2588 836 2646 11.
845 2605 876 2646 n.
886 2589 932 2647 51.
941 2582 1037 2648 Satn.
1050 2585 1125 2649 ibid.
1218 2602 1219 2609 ¹

116 2695 147 2734 n.
157 2677 205 2736 25.
218 2692 284 2734 eum
292 2668 363 2732 Fili.
373 2674 476 2752 elliep.
486 2689 520 2730 cc
531 2670 620 2731 Ccoiu
631 2667 652 2730 l.
664 2689 690 2731 6.
700 2690 765 2730 euin
776 2672 881 2750 dopna.
893 2673 989 2731 Tonn.
1000 2670 1126 2752 Rodriq.
1218 2678 1219 2699 ³

116 2757 188 2820 Gob.
203 2765 255 2816 etc.
271 2775 306 2815 ex
319 2758 359 2814 D.
374 2758 450 2838 Aup.
466 2757 560 2817 relato
573 2757 604 2816 in
620 2774 645 2815 6.
664 2753 799 2831 Quotidie
816 2755 851 2816 dc
866 2773 991 2816 consen.
1004 2754 1075 2817 dat.
1092 2761 1125 2817 2.

114 2845 164 2922 qui
180 2842 275 2901 dicit:
291 2839 373 2900 Naue
392 2839 543 2902 habentem
566 2837 663 2937 pplbue
680 2838 861 2902 uoluntatem
879 2837 1036 2920 putandi,
1052 2858 1126 2922 prc-

114 2924 182 2987 vori
201 2921 298 3005 inopis
319 2921 383 2984 dico
400 2923 600 2992 Euchariston
621 2924 822 3004 perceptione,
843 2927 934 3005 produt
954 2922 1124 3006 purificari.

114 3013 220 3085 Ratio,
243 3009 313 3088 quia
335 3009 402 3068 talis
426 3011 646 3070 communicans
665 3011 821 3087 positivam
841 3013 958 3088 ,irrogat
980 3010 1125 3087 injuriam

112 3105 304 3159 sacramento.
328 3094 390 3155 lloc
411 3094 506 3172 quoad
531 3096 673 3172 culpam:
697 3095 794 3173 quoad
814 3096 943 3156 fructum
966 3093 1038 3155 verb
1061 3097 1126 3156 sive

112 3184 247 3245 ellectum
270 3180 465 3252 sacramenti,
489 3180 538 3241 alii
561 3181 665 3240 dieunt
680 3177 762 3257 qubd
780 3181 919 3241 accedens
937 3180 1002 3239 sine
1015 3181 1124 3242 actuali

111 3269 302 3346 dispositione
314 3265 391 3344 (quae
405 3265 537 3326 consistit
551 3265 582 3324 in
597 3264 765 3324 exclusione
780 3264 1004 3342 culpeevenialis
1013 3265 1046 3323 in
1057 3273 1125 3326 actu

112 3353 347 3422 communionis,
372 3359 403 3410 ct
423 3350 455 3410 in
480 3350 580 3428 aliquo
601 3349 652 3427 pio
673 3347 837 3409 devotionis
861 3349 979 3427 moto),
1003 3348 1124 3410 nullum
1217 3346 1218 3349 ’

109 3436 214 3508 recipit
232 3438 361 3496 fructum
379 3436 552 3495 sacramenti
566 3456 575 3510 3
588 3445 619 3495 ct
637 3435 678 3495 ita
694 3440 798 3494 teuent
808 3436 840 3495 S.
857 3433 912 3495 Tb.
928 3433 963 3494 in
978 3436 1009 3494 1.
1021 3431 1054 3494 d.
1070 3437 1121 3495 l2.

111 3534 141 3591 q.
161 3517 191 3570 2.
209 3524 268 3574 ort.
288 3521 318 3575 1.
337 3535 365 3593 q.
381 3521 411 3576 5.
427 3519 492 3597 Cuj.
506 3518 539 3578 in
550 3521 578 3578 5.
588 3539 622 3599 p.
635 3536 687 3598 pu.
700 3519 750 3578 78.
765 3526 824 3579 nrt.
840 3520 870 3577 1.
882 3521 1030 3579 Petrocor.
1050 3526 1072 3578 t.
1093 3521 1123 3580 5.

108 3611 141 3670 p.
158 3595 208 3650 26.
225 3610 255 3650 6.
272 3597 522 3673 Proenotondunt‚·
540 3603 612 3662 item
632 3605 665 3661 S·
677 3604 794 3672 116666.
808 3603 840 3662 S.
854 3602 962 3663 Antou.
974 3601 1075 3663 61666.
1094 3612 1124 3665 61
