2450 3975
297 226 301 233 -
346 186 419 263 Cup.
434 186 462 243 l.
477 184 522 245 De
535 181 718 243 comminue.
733 181 812 243 Dub.
826 182 857 241 1.
1045 181 1101 241 ott

92 296 128 347 ct
151 285 235 366 nullo
258 284 380 361 impleto
404 300 440 345 ex
461 282 566 343 mediis
588 280 604 341 1
627 280 802 342 confessario
823 281 1021 360 praescriptis,
1044 280 1101 339 ire·

97 387 191 450 quens
212 369 264 430 ille
286 368 416 446 relapsus
437 369 554 446 siguum
575 366 709 445 praebet,
731 367 779 426 vel
801 367 904 427 saltem
926 364 1102 444 prudentem

94 456 148 518 dat
163 454 376 533 suspicionem,
390 451 471 529 qubd
485 470 535 511 sua
547 452 719 530 poenitentia
731 469 792 513 non
803 451 842 511 sit
853 469 940 511 vera:
955 451 1005 528 qui
1021 451 1102 509 enirn

95 536 183 599 firme
199 539 336 617 proponit
350 535 437 617 (bene
450 535 491 597 ait
506 538 588 615 Lupo
603 533 636 595 d.
653 537 701 596 11.
716 532 842 613 11160.)
857 553 921 595 rem
936 534 991 593 sibi
1006 552 1102 594 mora·

94 622 164 683 liter
177 624 344 701 possibilem
357 664 365 694 ,
380 639 440 681 uon
457 619 497 681 ita
510 618 594 681 facile
608 619 654 681 sui
673 619 816 699 propositi
837 618 1036 693 obliviscitur,
1051 617 1101 678 scd

90 709 197 769 saltem
211 727 264 787 pcr
277 708 396 785 aliquod
406 714 522 785 tempus
533 716 715 784 perseverat,
727 712 757 765 et
769 704 916 765 difficilius
926 749 935 776 ,
947 713 996 763 aut
1007 702 1102 765 rariirs

93 794 260 855 cadit.lliuc
269 796 301 855 S.
310 791 444 859 Isidorus
455 788 478 852 l.
488 795 518 853 2.
530 794 645 853 Sento.
655 793 702 851 to.
713 792 754 851 sic
763 791 803 852 ait
814 811 822 849 ε
834 787 890 853 llle
899 788 1102 871 poenitentiario

89 874 180 957 dique
191 876 272 956 cpit,
286 874 339 959 peti
350 876 391 938 sic
404 875 554 955 praeterita
566 872 648 935 rocla
662 873 813 955 deplorat,
830 883 865 935 ut
876 873 983 953 futuro
996 873 1102 934 iterulm

92 966 154 1023 nora
169 960 343 1023 committat.
358 963 393 1021 Et
406 962 439 1021 S.
453 960 636 1041 dupurtr'uus
649 979 699 1041 ap.
709 956 807 1021 eumd.
816 956 925 1021 isidor.
936 959 977 1018 sic
991 956 1102 1036 optime

90 1048 232 1124 scripsit:
250 1044 310 1121 Qut
324 1054 422 1127 pectus
440 1064 528 1107 muru
545 1044 656 1120 trurdit,
679 1054 752 1105 etse
767 1064 828 1105 nou
844 1042 977 1123 corripit,
993 1040 1104 1105 solidat

88 1138 226 1209 ,praecata
243 1149 304 1193 nort
319 1127 405 1191 tollit.
421 1128 490 1199 ldeb
501 1132 533 1190 S.
549 1127 673 1190 Carolus
687 1132 824 1190 Borroru.
841 1128 874 1189 in
885 1145 942 1189 sua
959 1130 1099 1189 lustrant.

92 1212 134 1275 art
147 1212 278 1291 Cortseos.
298 1214 372 1275 bene
388 1214 507 1278 docuit:
526 1214 722 1293 Proropando
740 1224 783 1276 est
799 1210 942 1273 absolutio
958 1214 999 1273 eis
1013 1213 1101 1292 quid

90 1295 194 1359 multis
207 1298 296 1359 aunis
309 1298 341 1359 r'u
354 1298 456 1359 iisdem
462 1297 588 1379 peccatis
599 1306 841 1377 perseverarunt,
856 1316 907 1357 uec
918 1304 952 1356 ut
965 1296 1100 1357 unerrda·

90 1390 195 1443 rentur
208 1381 393 1445 laborarunt.
408 1386 444 1442 Et
463 1382 518 1443 boc
537 1385 579 1443 ait
594 1388 676 1463 Lupo
692 1379 713 1441 l.
727 1382 896 1443 concidere
915 1400 998 1460 posse
1011 1382 1101 1445 ctiam

92 1467 124 1527 in
144 1468 323 1531 consessione
341 1468 502 1529 venialium
513 1512 520 1537 ,
533 1469 564 1527 iu
581 1470 690 1547 quibus
709 1469 855 1546 poenitens
869 1468 907 1528 sit
919 1465 1098 1527 habituatus.

90 1553 166 1611 Nam
187 1550 256 1612 licet
274 1553 473 1612 communitor
493 1552 591 1612 dicant
612 1555 675 1611 DD.
693 1552 773 1629 qubd
785 1551 897 1613 iacilibs
908 1550 1018 1613 absolvi
1033 1570 1101 1629 pos-

90 1634 151 1695 sint
163 1637 214 1712 qui
229 1637 260 1699 in
272 1638 374 1697 cadem
391 1637 527 1698 recidunt
544 1638 686 1709 venialia,
700 1639 768 1715 quia
784 1638 918 1716 ipsorum
936 1637 1099 1697 occasiones

89 1726 159 1779 suut
184 1720 417 1798 frequentiores,
443 1740 515 1800 quas
538 1724 668 1783 evitandi
694 1742 756 1786 uon
777 1722 858 1784 adest
878 1721 1016 1799 obligatio
1038 1729 1100 1782 tam

88 1804 317 1879 stricta31aroeu
331 1805 439 1867 rueritb
453 1807 526 1867 dicit
538 1803 786 1887 stoctonam.
800 1808 868 1866 lta.
880 1849 889 1877 ,
903 1804 978 1885 saepi
992 1806 1099 1865 timeu-

89 1886 163 1949 dum
175 1906 236 1949 csse
246 1932 254 1961 ,
266 1909 303 1951 ne
318 1892 378 1951 siut
391 1892 480 1955 unlloe
493 1899 522 1953 et
534 1892 680 1969 sacrilegae
691 1891 884 1952 consessiones
893 1890 1031 1963 illorum,
1045 1890 1098 1969 qui

89 1972 274 2050 propositum
291 1975 329 2036 de
346 1976 494 2054 predictis
507 1977 670 2038 venialibus
683 1976 809 2038 vitandis
822 1975 910 2036 nimis
923 1976 1100 2056 generaliter

89 2059 271 2134 concipiunt.
285 2059 369 2120 Unde
389 2061 465 2122 bene
482 2062 609 2122 advertit
622 2082 690 2123 curu
705 2063 791 2143 Sper.
805 2080 839 2121 n.
852 2062 941 2137 5511,
955 2061 1035 2140 quod
1045 2061 1098 2123 bu·

84 2138 217 2216 jusmodi
238 2145 414 2221 prenitentes
437 2145 536 2224 potiris
560 2147 650 2224 quim
670 2165 702 2207 se
722 2153 851 2218 vexent,
871 2155 906 2206 ut
925 2148 1024 2206 omnia
1046 2165 1098 2208 sua

87 2225 214 2288 venialia
228 2227 327 2290 exacte
345 2230 561 2302 confiteantur,
574 2231 727 2291 attendunt
746 2231 845 2289 odilla
861 2229 991 2290 clavibus
1004 2231 1097 2309 subji-

80 2308 190 2370 -cienda
203 2355 211 2381 ‚
225 2311 263 2372 da
278 2314 386 2390 qubus
402 2317 541 2386 noverint
559 2333 665 2376 rerum
679 2314 790 2376 babere
800 2313 956 2389 dolorem,
976 2320 1007 2376 et
1027 2319 1096 2394 pro·

80 2396 229 2474 positum.
911 2459 915 2466 .

127 2481 237 2543 Dicunt
257 2483 328 2546 verb
346 2481 454 2546 Suucb.
471 2485 577 2564 Loyru.
597 2488 697 2566 Lupo,
718 2481 789 2546 Pal.
807 2482 900 2560 Viva,
920 2485 1006 2564 Spar.
1030 2505 1096 2547 cum

84 2559 159 2624 aliis
178 2561 212 2625 ll.
232 2585 272 2628 cc.
291 2566 370 2645 quod
390 2567 437 2628 bis
456 2587 516 2628 nou
535 2570 736 2644 obstantibus,
759 2567 836 2630 benis
859 2570 968 2646 poterit
985 2570 1095 2631 absolvi

85 2648 234 2710 recidivus
246 2669 338 2729 usque
352 2653 389 2712 ad
402 2653 519 2712 tertiam
535 2655 581 2712 vol
595 2664 731 2733 quartam
742 2655 853 2723 vicem,
867 2654 979 2714 etiamsi
993 2655 1096 2722 eodcrn

84 2732 176 2794 ruodo
191 2735 321 2812 relapsus
339 2737 447 2809 fucrit,
458 2746 488 2796 ct
503 2739 621 2798 nullum
635 2737 804 2799 adbibuerit
820 2736 1096 2801 remedium.Veuc·

85 2830 138 2878 ror
163 2826 315 2883 mutorum
338 2823 403 2882 DD.
427 2825 655 2898 auctoritatem
678 2824 729 2884 sed
752 2841 806 2902 ego
831 2840 935 2884 corum
960 2823 1094 2903 opinioni

81 2919 239 2980 nunquam
255 2907 436 2982 acquiescere
453 2908 553 2985 potui:
570 2909 680 2968 etenim
694 2907 763 2970 crim
775 2910 919 2988 poenitens
931 2907 994 2986 jam
1006 2909 1096 2970 suerit

84 2985 118 3045 iu
139 2987 195 3048 alia
211 2990 391 3064 couicsnouc
408 2991 599 3064 admonitus,
619 2993 771 3055 eteoclem
793 2994 882 3054 modo
903 2994 1094 3064 reinciderit,

85 3069 262 3148 nullumque
280 3075 371 3136 adse
393 3075 610 3138 emendandum
631 3087 770 3138 conatum
789 3076 976 3151 adbibuerit,
992 3076 1095 3138 eadem

83 3155 211 3230 suspicio
231 3159 334 3236 utique
352 3161 498 3230 recurrit,
518 3159 577 3238 qui
597 3161 633 3222 srt
653 3168 687 3221 ut
708 3161 898 3222 confessarius
920 3178 980 3220 non
1004 3161 1094 3238 possit

82 3234 195 3301 habore
210 3239 247 3300 de
261 3241 324 3319 ejus
343 3243 534 3320 dispositione
547 3245 692 3306 moralem
711 3245 937 3312 certitudinem,
953 3241 1094 3305 sufficieu-

85 3331 147 3383 tcm
160 3325 321 3402 respective
341 3328 377 3388 ad
396 3327 452 3388 hoo
470 3336 754 3400 sacramentum,ut
770 3327 845 3388 iniria
864 3325 1065 3404 cxplicabitur.

122 3407 256 3476 Suenda
273 3409 345 3472 verb
364 3431 431 3491 pars
450 3423 494 3474 cst
512 3421 616 3474 eontra
638 3413 796 3474 secundam
816 3411 1008 3482 sententiam,
1027 3430 1092 3489 qun

83 3512 152 3557 cunr
174 3492 352 3556 intolerabili
368 3501 467 3575 rigore
478 3498 551 3558 dicit
570 3515 724 3583 uunquaur
744 3495 853 3558 absolvi
866 3512 949 3573 posse
969 3515 1092 3558 consuc-

86 3579 271 3644 tudinarium
282 3623 292 3654 ,
303 3581 359 3641 uisi
379 3583 567 3660 perlongum
588 3579 798 3660 experientiam
816 3584 929 3642 constet
948 3577 984 3640 dc
1000 3579 1092 3659 ipsius
