2450 3975
223 180 337 260 Comi.
352 174 532 258 Deoutjaelo
544 176 753 241 Eucherielioe.
765 177 886 242 17666.
898 179 1005 243 Arci.
1076 183 1115 243 tt

90 304 109 337 a
138 280 315 361 poenitentia
338 280 527 357 concipitur,
547 280 690 341 actualem
706 279 911 356 devotionem,
925 288 958 341 ct
983 280 1113 343 fructum

91 392 108 421 ι.
137 366 284 442 mojorem
300 365 477 443 impediunt.
490 366 580 426 Suor.
594 367 702 446 leym.
713 372 743 426 ct
755 363 820 426 olii.

136 454 210 513 256.
219 484 260 497 -
269 453 367 525 Quaer.
385 452 409 511 Ι.
421 452 467 511 An
478 449 535 511 hoc
550 459 730 530 pracceptum
744 451 942 529 premittendi
956 453 1114 515 confessio-

89 556 166 599 ncm
186 538 225 597 ad
244 536 485 597 communionem
499 536 538 596 sit
558 536 720 609 divinum,
740 538 787 597 vcl
801 537 1054 598 ecclesiasticum?
1075 540 1110 599 ln

92 622 184 683 Trici.
201 638 271 683 aeon.
287 622 336 681 15.
351 639 376 681 c.
391 622 421 681 7.
441 622 483 680 sic
507 619 655 681 habeturz
676 620 848 683 Praesertim
871 618 938 681 caim
951 619 1004 681 illo
1020 619 1112 702 pleno

86 704 272 787 formidinis
283 703 371 765 uerbo
382 704 466 785 upucl
483 702 647 786 apostolum
660 703 792 787 kqomuo
805 728 817 764 .·
828 705 886 779 Qui
903 706 1062 766 munducat
1079 716 1112 766 ct

86 793 175 853 bibit
196 791 339 869 indigni,
355 789 502 867 judicium
522 790 579 851 sibi
593 791 749 851 manducat
766 799 797 850 et
811 790 906 861 bibit,
922 808 983 853 non
1001 790 1112 868 dijudi-

87 895 166 938 cans
180 893 289 953 corpus
301 876 442 937 Domini:
457 876 556 951 Qciorc
569 876 782 935 communicare
795 872 905 937 volenti
917 874 1112 937 revocandum

85 968 140 1022 eat
150 959 187 1021 in
202 958 375 1021 memoriam
389 958 452 1041 ejua
461 966 664 1040 preceptum:
676 960 784 1021 Probet
795 961 924 1039 scipsum
940 958 1042 1022 homo.
1052 962 1111 1022 lle·

85 1042 365 1107 deaimticoontom
374 1042 550 1105 consuetudo
565 1039 711 1116 declarat,
727 1043 1005 1123 comprobationem
1014 1062 1111 1109 neec&

70 1128 300 1205 aurianam,
320 1135 357 1189 ut
375 1126 478 1189 nullm
499 1127 557 1189 ribi
569 1127 701 1191 cononice
719 1125 854 1191 rnortolia
866 1128 978 1209 peccati
988 1174 998 1203 ,
1016 1149 1110 1213 quon·

86 1212 281 1276 introierim·
297 1216 442 1276 rourum
457 1212 593 1275 videatur
608 1256 618 1284 ‚
642 1213 750 1293 alaone
771 1212 927 1294 premiaco
941 1231 1109 1277 momen·

85 1296 153 1362 cali
164 1298 342 1379 conscissione
354 1299 395 1361 ac
404 1317 521 1361 oacrum
529 1297 752 1360 Euchariatiom
760 1297 1004 1361 commodatior.
1014 1302 1110 1379 Supcr

84 1396 197 1447 autem
212 1384 259 1445 his
274 1386 395 1457 verbis,
413 1385 464 1445 alii
476 1394 509 1444 ut
521 1386 602 1446 Ναυ.
615 1381 811 1445 Manraloi.
824 1402 876 1464 op.
888 1380 959 1443 Pal.
966 1401 1001 1464 p.
1015 1386 1064 1446 12.
1075 1404 1107 1447 n.

86 1473 124 1533 2.
138 1472 243 1531 dicunt
256 1478 437 1549 praeceptum
455 1469 645 1530 consessionis
660 1486 722 1529 esse
736 1467 852 1529 tannim
864 1469 1107 1543 ecclesiasticum,

86 1558 188 1636 idque
199 1556 332 1617 inierunt
347 1573 383 1615 ex
403 1555 500 1614 verbis
517 1556 576 1616 illis
590 1576 599 1615 ι
615 1554 837 1617 Communirore
849 1552 959 1616 volenti
974 1573 1110 1619 revocan-

84 1640 164 1705 dum
177 1641 264 1703 ertio
280 1638 453 1701 memoriam
465 1639 527 1721 ejus
541 1641 660 1721 (nempe
672 1640 808 1717 apostoli)
822 1648 1012 1721 proeccptum.
1030 1641 1108 1720 Ergil

86 1728 252 1789 concilium
267 1743 327 1787 non
340 1727 460 1803 agnovit
472 1734 654 1804 pracceptum
665 1726 739 1785 illud
759 1742 821 1785 cose
831 1722 959 1796 Christi,
974 1722 1026 1784 aed
1037 1743 1109 1803 apo·

84 1812 174 1873 stoli.
189 1811 360 1871 Communis
369 1820 488 1886 lamen,
505 1817 535 1870 et
547 1828 617 1871 vera
631 1811 791 1881 sententio,
803 1827 893 1887 quam
903 1817 1005 1871 tenent
1014 1811 1105 1872 Scor.

85 1895 120 1958 d.
136 1896 188 1957 66.
208 1902 275 1957 occi.
304 1896 335 1955 5.
352 1892 422 1956 Pal.
438 1891 459 1954 l.
473 1914 497 1955 o.
512 1914 545 1955 rr.
566 1896 682 1977 6169.
709 1893 740 1957 d,
759 1897 808 1957 11.
830 1913 863 1955 o.
897 1895 945 1958 69.
967 1899 1052 1959 conc.
1071 1914 1104 1979 p.
1187 1937 1191 1943 -

86 1986 160 2046 557.
173 2003 205 2044 n.
219 1986 249 2046 2.
265 1984 349 2044 Comi.
370 1985 481 2044 Toum.
495 1981 529 2044 de
545 1980 641 2045 noct.
658 2001 723 2064 cop.
742 1983 844 2044 6611.
865 1982 896 2043 5.
914 1981 1003 2044 conci.
1022 1985 1053 2045 l.
1073 2004 1104 2046 o.

86 2067 273 2149 Atquclrinn
284 2066 411 2129 etSolm.
420 2067 455 2130 cc
467 2066 562 2130 Eucti.
573 2087 597 2129 c.
613 2071 643 2129 7.
652 2087 683 2150 p.
696 2071 725 2129 5.
737 2088 769 2129 n.
781 2071 829 2130 66.
840 2087 908 2130 cum
918 2066 988 2132 aliia
1000 2113 1009 2143 ‚
1020 2069 1107 2132 docet

88 2163 270 2234 praeceptum
293 2152 350 2215 hoc
365 2171 427 2214 esse
438 2153 584 2215 divinum.
598 2157 703 2228 Ratio,
723 2157 792 2234 quio
803 2172 841 2216 ex
856 2171 915 2214 una
932 2161 1016 2233 porte
1034 2175 1107 2216 con-

87 2245 167 2313 stat,
188 2238 324 2318 quidex
346 2246 494 2318 praecepto
517 2238 625 2300 Christi
653 2239 861 2318 praemittendo
885 2240 927 2299 ait
947 2241 1103 2317 probatio,

87 2325 164 2385 dum
177 2325 326 2403 apostolus
337 2330 460 2384 testatur
472 2323 546 2384 illud
559 2324 575 2384 6
590 2326 718 2385 Domino
727 2326 886 2404 accepisse3
896 2342 933 2384 ex
942 2324 998 2384 alia
1009 2333 1102 2404 parte,

88 2429 125 2472 ox
141 2411 245 2471 eodem
265 2410 390 2472 concilio
410 2408 606 2487 cumputat,
628 2410 709 2489 quod
732 2410 795 2471 hmo
810 2411 950 2490 requisita
969 2411 1104 2489 probatio

87 2496 298 2571 sitnonl'essi03
316 2513 385 2554 nam
405 2493 475 2554 liciat
490 2502 522 2554 to
541 2495 605 2576 ejus
622 2504 802 2577 prmecptnm
815 2499 960 2556 celeratur
977 2495 1015 2554 ad
1032 2514 1104 2573 apo-

87 2583 219 2653 stolum,
235 2586 270 2639 nt
282 2579 465 2657 probahiliirs
480 2580 621 2660 intelligit
632 2583 734 2661 Lu903
750 2590 851 2640 tumen
869 2581 1028 2640 concilium
1042 2598 1103 2640 non

87 2667 184 2738 dixit,
201 2665 258 2726 hoc
276 2674 458 2743 praeceptum
477 2665 717 2727 consessionioob
741 2665 931 2724 ecclmiostioo
947 2675 1101 2726 consuetu·

86 2752 159 2816 dine
178 2749 383 2812 introductum
397 2751 504 2824 inisse,
523 2751 575 2810 sed
592 2767 648 2828 per
660 2766 726 2809 eam
745 2749 803 2808 talc
821 2756 1000 2828 preceptum
1014 2749 1103 2813 luisse

85 2838 284 2912 declaratum3
295 2836 375 2896 unde
384 2853 420 2895 ex
431 2828 577 2915 praecep'to
592 2835 695 2906 divino
706 2834 847 2896 consessio
854 2834 988 2912 jubetur.
999 2838 1102 2914 Neque

86 2921 157 2983 huic
173 2920 289 2993 obstat,
305 2919 386 3000 quod
405 2919 519 2980 dicatur
537 2930 718 2999 praeceptum
736 2921 882 3000 apostoli,
902 2922 973 3000 quia
996 2920 1101 2983 reveni

85 3017 129 3068 cst
140 3016 323 3085 praeoeptum
335 3004 443 3066 Christi
461 3024 514 3082 per
531 3008 697 3084 apostolum
709 3007 941 3087 promulgatum.

123 3092 351 3164 iile-Quaem
370 3092 408 3150 ll.
427 3091 474 3151 An
488 3091 512 3150 si
533 3093 599 3170 quis
614 3093 906 3166 postconicssioncm
926 3083 1101 3152 recordetur

29 3176 36 3188 '
84 3175 208 3254 alicujus
226 3175 338 3254 pcccati
358 3176 492 3236 mortalis
518 3177 737 3256 inculpabiliter
750 3179 856 3251 obliti,
874 3183 1011 3238 tenentur
1031 3185 1101 3236 onte

84 3263 327 3322 communionem
342 3259 417 3319 illud
427 3259 562 3321 confiteri
574 3265 588 3319 ?
602 3265 639 3322 Et
651 3280 734 3324 casus
746 3271 810 3331 est,
822 3259 941 3340 quando
951 3275 1005 3336 per
1015 3257 1100 3322 dolo·

84 3363 148 3405 rcm
163 3345 363 3404 universalem
375 3352 524 3422 peccatum
542 3344 604 3423 jum
617 3347 657 3406 sit
670 3345 813 3406 induent
823 3345 990 3406 remissum.

120 3429 231 3489 Priruo
250 3429 397 3490 sententio
408 3429 486 3490 inter
495 3432 560 3491 DD.
571 3431 810 3490 communissima
825 3429 952 3488 affirmat
963 3470 972 3498 ‚
984 3427 1098 3490 ethane

83 3519 268 3593 tenenttoq.
280 3511 312 3586 d,
329 3514 377 3574 16.
392 3531 476 3574 onor.
497 3511 858 3575 trinorciensem.
873 3513 903 3573 5.
916 3511 986 3572 Pol.
998 3532 1030 3593 p.
1045 3517 1095 3574 11.

83 3603 160 3662 Bon.
175 3617 209 3685 p.
223 3601 254 3661 1.
275 3617 306 3662 o.
333 3600 381 3663 17.
398 3601 485 3666 Cotto·
499 3619 532 3682 p.
548 3602 616 3682 556.
639 3617 672 3694 o·
685 3601 717 3664 6.
728 3601 803 3663 Not.
815 3597 963 3743 Αίωεὸαν.
982 3598 1103 3679 661.
