2450 3975
270 154 342 231 Cap.
357 152 387 210 l.
403 150 446 211 De
457 144 646 231 confictione.
661 143 740 213 aab.
757 152 786 211 5.
801 152 865 212 Art.
880 154 911 213 2.
1037 152 1094 213 589

64 250 306 331 exquirentibus
320 268 428 311 nomen
444 250 613 328 complicis,
629 250 720 311 ewen
731 251 902 332 poenitenti,
914 251 944 313 si
963 251 1094 330 mori-isc-

63 347 158 400 store
167 336 316 411 renuerit,
326 332 568 397 sacramentalem
582 332 794 396 absolutionem
804 335 971 418 denepando
982 381 990 401 .
1003 331 1089 396 dicits

64 421 226 484 Nocerint
236 438 313 492 sese,
327 417 409 480 ultra
423 418 534 499 peccati
542 417 663 503 lethalis
674 418 842 497 incursum,
856 419 1091 503 suspensioniob

65 504 174 588 officio
189 504 407 567 audiendarum
418 503 650 583 confhssionum,
666 502 792 586 aliisque
805 504 896 566 etiam
904 505 1091 587 pronioribus

64 593 173 673 poenis
182 588 463 672 foresubjiciendos.
479 591 515 649 Et
534 588 658 651 inferius
676 590 759 651 addit
776 590 910 650 Pontifex
925 590 1005 667 qubd
1023 591 1090 668 qoi-

67 694 209 755 oumque
227 694 289 737 uon
301 692 338 735 cx
350 674 530 735 confessione
547 693 616 749 suo,
631 676 681 735 sed
702 675 821 735 aliunde
833 676 962 753 aliquem
975 676 1091 736 noverit

67 762 287 823 confessarium
306 760 510 837 exquirentem
533 776 642 820 nomeu
655 760 807 839 complicis
817 779 886 821 oum
897 760 1089 839 denegatione

66 846 294 917 absolutionis,
314 853 433 904 tenetur
449 843 535 902 illum
555 844 634 903 intra
649 845 771 906 solitum
794 846 959 905 terminum
978 846 1089 904 deauu·

67 930 152 991 liure
172 928 229 989 sub
248 929 344 1007 pmnis
359 928 517 988 consuetis.
530 928 647 1005 Excipit
662 937 760 989 tamen
773 947 872 990 cusum
883 973 891 999 ,
903 946 962 1006 quo
976 929 1089 988 confes-

66 1014 173 1074 sarius
189 1030 227 1073 ex
246 1012 434 1091 simplicitate
450 1010 507 1071 hoc
523 1012 647 1082 faceret,
671 1013 792 1073 dieens=
810 1012 953 1087 Quamuis
973 1012 1090 1092 impru-

67 1098 145 1160 dens
156 1095 311 1175 etmolus,
321 1094 447 1175 simplex
462 1104 562 1157 tomen
572 1094 734 1173 quidamst
747 1096 848 1166 nudus
865 1105 948 1157 octus
970 1094 1065 1175 fuerit
1074 1140 1085 1171 ,

67 1182 160 1243 idest
174 1182 214 1243 iis
226 1180 721 1259 eircunrstuntiisdestitutus,pua
732 1178 767 1240 de
781 1198 881 1260 praua
902 1177 1085 1247 credulitate,

68 1263 119 1327 ecl
131 1264 168 1327 de
191 1265 274 1327 molo
292 1263 512 1327 allusione-ool
528 1264 652 1345 praxim
671 1266 742 1325 in...
754 1272 855 1325 nostro
873 1265 966 1324 Brevi
986 1282 1087 1343 repro·
1117 1262 1119 1265 ’

70 1350 193 1428 batam,
215 1358 362 1431 tanquan
388 1348 430 1410 ad
449 1347 577 1423 licitam,
600 1346 734 1411 eumden
752 1345 968 1429 annuariam
985 1365 1087 1429 auspe-

68 1442 153 1495 etum
173 1432 309 1495 reddant.

112 1518 203 1581 Rectb
222 1529 322 1581 autem
339 1517 442 1579 dicunt
455 1521 494 1580 P.
510 1520 596 1579 Coae.
610 1536 643 1600 p.
658 1521 728 1583 695.
749 1538 835 1583 nuni.
859 1522 911 1582 11.
932 1527 963 1582 et
977 1520 1088 1581 ductor

73 1608 274 1666 Communem
288 1622 338 1682 up.
353 1602 480 1664 Autoine
499 1623 531 1683 p.
553 1605 635 1677 506„
650 1604 731 1684 qubd
747 1606 797 1667 hic
818 1607 955 1667 Pontifex
971 1603 1087 1664 tantum

72 1688 226 1749 damnavit
247 1688 369 1748 illorum
395 1687 520 1749 abusum
542 1690 807 1761 confessariorum,
823 1692 874 1768 qui
897 1690 961 1750 tum
980 1684 1086 1770 procu-

73 1772 178 1835 rande
194 1769 343 1853 complicis
360 1771 406 1850 (ut
422 1772 556 1851 loquitur
575 1774 669 1855 bulla)
682 1774 888 1846 correctionis,
902 1772 1086 1851 aliorumque

73 1859 254 1922 bonorum...
269 1854 396 1936 specioso
408 1865 560 1937 penetentia
580 1858 723 1935 colorare,
738 1858 802 1919 ttim
819 1856 1007 1919 aneaduutis
1024 1857 1087 1936 qui·

73 1942 197 2006 busdam
212 1940 362 2004 doctorum
377 1942 567 2024 opinionibus
576 1944 727 2026 defendere
741 1962 803 2006 non
823 1942 1003 2006 dubitarent.
1024 1943 1087 2003 (loe-

74 2028 173 2090 torum
187 2028 353 2090 confessarii
370 2027 447 2092 bene
471 2040 594 2110 possunt
613 2040 644 2092 et
657 2041 816 2102 tenentur,
832 2028 871 2089 ad
885 2030 1085 2108 iutegritatem

67 2113 262 2177 confessionis
286 2115 486 2190 servandam,
514 2118 670 2195 exquirere
694 2116 927 2177 circumstantias
955 2133 1086 2175 necessa-

74 2205 133 2266 rias
145 2247 155 2276 ,
168 2220 274 2282 nempe
291 2221 358 2282 qum
378 2203 426 2264 vel
444 2205 571 2283 speciem
587 2205 781 2277 mutant,vel
798 2202 1083 2279 exquirendoesunt,

76 2298 110 2350 ut
131 2288 302 2369 paenitentis
324 2288 510 2348 conscientiae
533 2291 725 2361 consulatur,
747 2285 818 2364 putb
839 2285 865 2346 si
893 2286 1084 2346 confessarius

77 2378 209 2456 exquirat
217 2421 227 2454 ‚
242 2393 281 2436 au
294 2393 419 2455 persona
435 2375 585 2454 complicis
602 2376 641 2436 sit
656 2376 688 2434 iu
703 2374 801 2451 primo
815 2373 862 2432 vel
880 2372 1008 2432 seeundo
1022 2390 1084 2450 gra·

76 2463 134 2534 du,
150 2460 173 2521 si
185 2461 271 2538 ligato
286 2469 375 2530 voto,
389 2458 414 2518 si
434 2460 473 2524 sit
492 2459 599 2520 aneilla
612 2503 620 2531 ,
632 2461 657 2520 si
673 2459 786 2521 habitet
801 2457 834 2518 iu
852 2457 954 2518 eadem
973 2456 1081 2530 domo,

76 2546 143 2609 ticet
160 2544 302 2606 venialia
315 2543 513 2621 cognitionem
525 2545 686 2622 complicis.

114 2630 398 2700 illm-Praetereo,
415 2629 493 2688 ultra
508 2629 709 2688 necessitatem
720 2625 884 2706 explicandi
897 2625 1083 2686 circumstan-

78 2718 130 2778 tias
143 2713 248 2793 pcccati
260 2756 269 2786 ,
280 2715 384 2772 Maza.
397 2719 418 2770 t.
433 2713 463 2772 5.
476 2731 508 2791 p.
526 2714 595 2772 569.
605 2731 638 2771 n.
654 2715 682 2772 1.
696 2714 836 2792 eadapo,
846 2713 929 2786 Soto,
943 2708 1081 2781 Arriiillo,

78 2802 197 2869 Diona,
217 2797 346 2868 Aversa,
370 2803 436 2868 eta,
463 2798 587 2876 loquens
602 2797 640 2856 de
659 2796 778 2874 praeiotu
796 2796 896 2868 bulla,
914 2797 956 2855 sie
974 2797 1035 2857 ait:
1049 2798 1084 2857 Si

76 2881 177 2969 procia
188 2879 299 2942 doum
317 2880 520 2941 timerenturd
533 2878 688 2960 complice,
701 2897 768 2960 quae
789 2876 873 2940 solus.
885 2877 1082 2961 confessarius

13 3030 14 3034 ,
77 2975 167 3051 posset
178 2964 332 3048 impedire,
349 2973 423 3028 esset
432 2962 460 3025 ei
469 2961 854 3046 manifestanduscompleoo.
863 2967 972 3027 Auctor
983 2973 1082 3028 autem

79 3055 176 3116 citatus
191 3053 349 3110 donimani.
362 3047 529 3110 inAntoine
545 3047 567 3110 l.
578 3069 603 3110 o.
621 3049 662 3109 sic
673 3048 764 3109 dicite
782 3047 915 3110 natare
933 3048 1082 3111 interdum

79 3145 179 3221 potest,
189 3143 223 3196 ut
243 3133 405 3216 atlt'pendus
417 3135 458 3197 sit
476 3134 619 3215 poeniteas
631 3134 674 3195 ad
691 3132 879 3195 revelandum
897 3130 1080 3212 complicem,

80 3223 140 3286 cim
156 3238 257 3301 nempe
270 3219 372 3301 apitur
390 3217 425 3280 do
437 3219 578 3300 praeibas
593 3215 682 3280 molis
696 3217 848 3292 vitandis,
866 3236 932 3297 quoe
958 3220 991 3276 in
1013 3238 1082 3298 per·

80 3309 174 3370 reiciam
187 3301 354 3385 reipublicae
375 3321 490 3390 verpere
506 3314 642 3386 possunt.
659 3309 697 3365 Ut
709 3301 890 3385 impediatur
901 3299 1035 3376 oriolum,
1052 3306 1084 3365 si.

80 3390 141 3472 fieri
157 3395 264 3472 potest,
291 3385 444 3470 oblipatur·
464 3389 609 3471 poenitens
627 3389 668 3449 ad
687 3385 902 3470 anquirendum
924 3385 1081 3450 consiliam

81 3472 244 3556 eonfhsaarii
256 3516 263 3546 ,
277 3474 330 3554 qui
338 3492 392 3554 pro
408 3492 464 3536 sua
477 3472 638 3556 prudentia
651 3479 705 3533 out
715 3493 768 3554 per
781 3491 829 3547 sa,
850 3478 904 3530 aut
913 3489 967 3551 per
981 3471 1080 3550 ipsunt

81 3559 254 3644 poenitentem
273 3557 401 3621 rentcilia
420 3557 594 3640 coaptarat,
620 3564 648 3618 et
666 3555 728 3620 nisi
742 3553 870 3620 revelare
896 3551 966 3615 velit
982 3555 1080 3638 poeni·
