2450 3975
139 223 197 285 448
219 247 222 253 ’
369 222 434 285 444.
446 224 478 284 d.
498 224 596 285 lucet.
612 222 643 283 5.
657 220 912 285 DeEuoboristie.

138 322 214 383 lline
230 321 297 384 dieo
315 332 388 386 tune
411 340 496 403 posse
511 332 610 385 totum
629 340 788 385 numerum
802 322 940 387 distribui
950 326 990 387 ,44
1013 327 1147 407 singulos

137 408 373 486 communitatis,
386 411 434 471 rel
446 410 550 470 saltem
568 411 600 470 in
613 408 756 485 majorem
768 407 832 486 ejus
846 419 976 489 partem,
992 413 1017 472 si
1028 414 1076 473 illa
1093 434 1148 475 nu·

138 491 282 551 onerosior
305 494 371 570 4414
394 503 425 555 et
445 493 500 554 bde
515 494 725 555 distributione
745 493 842 565 tacta,
867 502 929 555 tota
948 498 1147 561 communitas

139 575 249 653 poterit
262 576 340 637 intra
355 586 471 639 tantum
487 578 629 655 temporis
643 578 824 649 satisfacere,
844 587 990 655 quantum
1008 582 1148 642 coneede-

137 668 221 720 rctur
235 663 395 741 unieuique
412 662 616 722 communitati
629 678 685 739 pro
704 680 755 723 sun
767 670 831 722 rata
844 664 1054 726 4444444444444.
1066 666 1148 729 Bend

137 744 218 804 444444
234 745 274 806 ait
296 743 413 807 uotam.
427 764 458 825 p.
476 748 527 807 89.
547 763 580 807 n.
598 748 666 808 184.
684 746 764 825 qubd
785 746 838 807 bas
855 764 1025 809 numerosas
1043 752 1148 812 missas

137 830 353 892 committentes
362 829 445 891 facile
455 830 617 909 providere
627 840 766 909 possunt,
780 830 862 911 qubd
874 834 1149 897 communitasalias

137 912 243 976 babeat
254 916 458 994 obligationes.

177 1025 325 1098 Quaeritur
337 1026 390 1083 Ill.
408 1023 453 1082 dn
464 1022 598 1083 sacerdos
621 1022 763 1084 omittens
782 1021 930 1084 celebrare
944 1024 1065 1087 missam
1078 1046 1148 1107 pcc·

137 1116 181 1167 ret
194 1108 338 1185 graviter,
354 1108 379 1168 si
391 1108 571 1188 stipendium
585 1126 640 1187 pro
659 1108 709 1167 illa
728 1116 880 1188 acceptum
894 1124 954 1169 nou
967 1111 1006 1171 sit
1021 1116 1146 1175 materia

136 1193 253 1271 gnavis?

175 1292 283 1355 Priora
301 1294 446 1358 sententie
466 1305 577 1376 negat,
597 1302 628 1356 et
646 1292 722 1357 bane
740 1289 923 1358 tenentPul.
944 1314 977 1377 p.
995 1296 1046 1359 44.
1064 1318 1098 1361 n.
1115 1302 1144 1362 Ε).

135 1380 244 1460 Sporcr
258 1389 327 1442 toro.
349 1385 380 1443 5.
395 1401 428 1463 p.
445 1384 513 1443 444.
535 1401 568 1442 a.
581 1384 650 1443 5455.
664 1377 749 1443 bloet
766 1399 798 1462 p.
815 1385 882 1444 454.
894 1402 977 1444 num.
989 1384 1058 1443 217.
1070 1387 1150 1446 Ren-

135 1464 201 1524 ziua
212 1462 234 1523 4.
251 1468 279 1525 4.
299 1484 323 1525 4.
333 1469 363 1527 4.
374 1485 402 1547 q.
412 1468 461 1527 40.
472 1474 500 1526 et
514 1462 609 1527 Solm.
626 1474 663 1525 tr.
675 1468 704 1526 b.
716 1485 740 1526 e.
757 1468 784 1525 5.
794 1470 863 1547 pt.
875 1487 906 1528 4.
919 1470 966 1529 59.
979 1466 1058 1527 eirea
1070 1467 1145 1528 med.

134 1566 201 1609 cum
222 1550 347 1628 Heariq.
372 1547 448 1610 Pell.
466 1550 605 1623 Sanctio,
628 1550 766 1629 Fopund.
783 1558 834 1612 ete.
857 1553 962 1622 Ratio,
983 1550 1049 1611 tum
1076 1555 1146 1630 quia

135 1633 262 1711 grauitas
281 1635 411 1695 materiae
430 1632 478 1695 bio
501 1642 625 1695 nonest
644 1636 793 1711 pensanda
818 1653 855 1695 ex
877 1636 976 1696 fructu
997 1636 1147 1714 spirituali

136 1718 248 1791 ruisse,
262 1718 331 1779 alibs
345 1720 485 1781 omittens
497 1719 660 1797 quamlibet
679 1722 843 1781 orationem
860 1722 1033 1799 promissam
1047 1724 1149 1799 gravi·

136 1812 183 1863 tor
197 1814 349 1882 peccaret3
367 1804 418 1867 444
437 1825 473 1868 ex
493 1806 602 1865 damno
627 1804 708 1865 illato
723 1849 731 1877 ,
746 1806 826 1883 quod
841 1806 871 1863 in
891 1804 946 1865 hoe
958 1822 1025 1865 casu
1048 1824 1104 1885 per
1117 1824 1148 1867 so

136 1904 195 1946 non
209 1900 345 1949 censetur
360 1900 472 1970 grave,
488 1889 556 1951 crim
575 1890 648 1949 illud
663 1890 722 1948 levi
737 1888 886 1967 stipendio
907 1888 1014 1949 redimi
1032 1894 1146 1967 possita

137 1967 200 2031 tiam
224 1972 293 2050 (juin
314 1971 483 2052 hujusmodi
501 1975 645 2036 damnum
664 1974 817 2055 spirituale
836 1992 896 2034 non
916 1973 1032 2035 videtur
1056 1993 1148 2054 grave

136 2057 167 2117 in
183 2057 376 2117 aestimatione
386 2057 564 2130 bominum,
586 2057 655 2120 erim
665 2077 701 2120 ex
720 2058 878 2121 omissione
891 2060 980 2118 unius
990 2061 1064 2120 sacri
1077 2077 1147 2140 pro-

136 2141 216 2200 missi
236 2158 295 2202 uon
307 2150 483 2222 reputentur
496 2139 633 2203 homines
649 2161 769 2223 gravem
782 2142 922 2222 injuriam
934 2144 1007 2226 pati.

173 2258 307 2322 8444444
316 2257 460 2321 senentio
469 2256 541 2320 4444
560 2258 743 2337 probabilior
754 2258 902 2331 affirmat,
918 2255 1146 2322 ethanetenent

134 2345 436 2428 44444..ρ.85.44.544.
446 2339 690 2424 0444444444.
701 2344 1144 2414 4414444444444444414444.

135 2452 159 2493 4.
174 2434 204 2492 4.
212 2449 242 2512 q.
252 2432 299 2490 10.
308 2449 334 2491 r.
346 2432 376 2490 1.
387 2447 454 2490 eum
462 2432 580 2490 Passer.
595 2435 624 2488 et
632 2430 670 2488 P.
683 2428 761 2488 Non.
777 2426 874 2508 Steplc.
891 2444 925 2486 oo
938 2429 1050 2486 Boane.
1063 2425 1148 2507 opud

134 2507 1143 2591 Sutor.Le.llatio‚quiagravitasmateriaeprobabiliirsbicestmensu-

133 2602 294 2664 randanon
305 2596 497 2660 4444444444
514 2595 696 2672 stipendium
709 2639 717 2668 ‚
731 2596 825 2656 44444
838 2595 968 2655 fructum
977 2595 1073 2654 missae
1086 2612 1145 2674 quo

134 2687 270 2762 privatur
285 2686 502 2762 cleiimosynam
517 2679 638 2741 tradens
651 2722 659 2748 ,
674 2679 722 2740 cui
737 2696 774 2739 ex
791 2678 961 2756 hujusmodi
980 2679 1143 2756 privatione

134 2766 213 2826 rorte
231 2785 321 2843 grave
332 2768 475 2826 damnum
488 2765 628 2825 insertur.
644 2765 736 2826 Prout
747 2765 773 2824 si
792 2781 856 2844 mg
880 2763 948 2824 dato
966 2763 1073 2840 exiguo
1092 2764 1144 2824 sti—

134 2849 243 2930 pendio
259 2858 293 2909 tu
308 2850 449 2909 fossorem
481 2850 680 2921 conduceres,
702 2858 738 2909 ut
757 2847 812 2909 tibi
837 2847 950 2910 aditum
969 2847 1084 2924 aperiat
1106 2847 1143 2907 44

133 2951 240 3014 aquam
249 2931 380 3010 pluviam
397 2934 428 2992 in
443 2941 528 2992 tuum
540 2949 647 3009 agrum
660 2930 872 3004 inducendam,
886 2928 946 2991 nori
956 2929 1029 2990 levis
1043 2929 1143 2992 damni

133 3037 219 3080 eausa
231 3018 286 3078 tibi
296 3017 372 3085 erit,
386 3017 411 3076 si
422 3033 543 3094 operam
559 3033 643 3076 suam
658 3035 767 3095 ponere
787 3017 924 3094 negligat.
936 3017 997 3078 Nee
1007 3015 1086 3074 valet
1098 3015 1143 3074 di·
1217 3037 1218 3052 2

134 3123 221 3176 cere,
238 3099 318 3182 qubd
334 3101 391 3160 tale
410 3100 553 3160 damnum
571 3100 630 3160 4444
651 3101 797 3178 stipendio
814 3099 921 3160 redimi
942 3104 1059 3177 potest3
1075 3115 1144 3160 nam

132 3189 239 3252 redimi
259 3189 362 3266 utique
378 3191 496 3265 posset,
514 3184 538 3244 si
557 3184 632 3245 alter
646 3185 698 3261 qui
713 3184 821 3264 stipem
837 3183 958 3244 tradidit
978 3183 1085 3247 certior
1097 3182 1147 3242 fie-

18 3327 23 3339 .
132 3283 180 3334 ret
198 3270 241 3334 44
252 3273 410 3334 omissione
426 3271 523 3330 misse
537 3288 547 3344 3
563 3266 654 3340 alias,
670 3269 694 3328 si
711 3278 811 3330 manet
829 3267 960 3339 inscius,
981 3266 1061 3327 certe
1084 3282 1144 3327 nou

133 3360 244 3433 poterit
256 3359 401 3418 damnum
411 3355 486 3416 illud
501 3353 659 3414 redimere.
673 3351 759 3426 Quod
772 3361 871 3414 autem
884 3353 942 3412 tale
954 3350 1096 3412 damnum
1112 3349 1144 3409 44

133 3442 325 3501 aestimatione
334 3441 490 3503 bominum
500 3437 565 3498 leve
575 3433 748 3515 reputetur,
759 3433 817 3500 hoe
829 3453 890 3500 444
902 3435 972 3496 satis
984 3434 1142 3516 probatum

135 3521 256 3577 interim
274 3523 312 3580 de
326 3543 358 3583 se
371 3543 460 3601 grave
470 3532 526 3585 est.

172 3605 322 3672 Quaeritur
343 3615 393 3670 tv.
417 3616 462 3673 aa
482 3623 582 3674 autem
619 3622 720 3695 peccet
740 3615 871 3692 graviter
889 3613 1029 3676 omittens
1049 3613 1144 3676 dicore
