2450 3975
145 152 203 213 too
375 146 441 213 ut.
455 150 485 209 6.
502 151 598 212 Troct.
612 149 641 207 5.
652 147 699 208 De
718 142 919 212 Eucharistin.

143 259 301 320 utilitatem
320 256 512 331 moribundi,
535 256 605 319 edm
620 262 835 317 sacramentum
852 254 909 319 boc
930 275 991 321 non
1006 261 1047 323 sit
1062 270 1145 329 tants
1208 334 1209 347 χ

143 344 334 406 necessitatis.
357 346 394 405 Et
413 344 455 403 sic
479 342 676 422 respondetur
692 341 729 402 ad
748 342 875 420 primam
893 345 1040 408 rationem
1058 368 1145 428 oppo-
1208 356 1209 383 ³

140 429 204 487 sttae
221 430 385 489 sententie.
400 428 604 507 Respondetur
620 436 718 488 eutem
734 426 771 485 ad
784 426 942 491 secundom
957 473 966 497 ‚
983 432 1063 509 qudd
1083 434 1143 496 ideb

141 511 330 588 permittatur
349 514 531 573 moribundo
555 531 616 573 non
636 511 739 591 jejuno
764 514 1004 587 communicare,
1025 519 1092 595 quia
1114 521 1144 579 in

138 597 242 657 codem
259 608 439 659 concurrunt
461 607 520 659 tom
540 607 721 677 praeceptum
738 598 963 660 ecclesiasticum
978 601 1141 682 dejejunio‚

138 682 227 760 quim
245 684 379 745 divinum
396 684 435 744 de
453 684 598 745 sumendo
614 684 749 755 viatico,
770 682 850 761 quod
869 702 907 745 eo
925 704 992 749 essu
1014 690 1141 767 preferri

139 766 236 829 debet.
257 769 346 831 Sectis
363 768 434 830 verb
454 780 498 830 est
510 770 549 831 de
567 768 735 843 sacerdote,
750 767 818 830 edm
834 770 898 848 ipse
921 774 1009 834 unico
1030 775 1143 837 tentiam

138 862 283 933 praecepto
298 852 517 933 obstringetur,
534 854 645 916 scilieet
667 872 729 914 uon
749 854 916 916 celebrandi
933 856 989 916 uisi
1007 857 1141 937 jejunus,
1208 892 1209 965 p

137 954 192 997 nec
205 939 267 1018 ipse
287 946 382 1016 potest
397 939 471 999 iilud
483 940 613 1013 violare,
630 946 665 999 ut
677 937 874 1000 moribundus
886 958 974 1001 suum
989 943 1144 1022 adimpleat
1208 968 1209 991 t

136 1030 337 1101 praeceptum,
358 1023 395 1084 ad
409 1024 489 1103 quod
509 1041 546 1084 eo
564 1042 632 1084 casu
657 1041 711 1083 nee
737 1024 828 1084 etiam
849 1024 1044 1087 moribundus
1066 1038 1144 1088 tene·

136 1114 207 1180 tur,
231 1106 299 1170 edm
318 1127 373 1188 per
393 1110 491 1189 ipsum
512 1128 573 1171 uon
596 1116 665 1169 stet.
688 1110 791 1187 Neque
810 1108 907 1169 obstet
927 1110 1047 1184 dicere,
1069 1112 1144 1190 qudd

135 1192 317 1273 sicutpotest
329 1196 462 1258 sacerdos
485 1196 618 1257 conscius
638 1194 772 1255 mortalis
787 1194 936 1257 celebrare
957 1197 1022 1257 sine
1038 1198 1143 1275 provio

135 1280 316 1343 consessione
333 1283 371 1342 ad
397 1281 529 1342 dandum
547 1280 719 1352 viaticum,
741 1280 782 1339 itu
803 1280 892 1340 etiam
919 1281 984 1341 sine
1007 1280 1143 1359 jejuni03

135 1371 207 1427 tuuc
222 1368 303 1427 euim
315 1386 351 1429 ex
370 1366 452 1429 Tn'd.
473 1368 534 1445 ipso
550 1367 704 1427 necessitas
718 1364 906 1425 ministrandi
927 1366 1077 1429 Viaticum
1095 1386 1144 1428 ex·

134 1458 233 1527 cusst3
246 1450 314 1513 etim
331 1454 423 1531 possit
436 1450 570 1511 sacerdos
580 1469 635 1529 per
656 1450 865 1511 contritionem
879 1468 909 1510 se
922 1450 1080 1529 disponere
1094 1498 1103 1526 ‚
1117 1463 1145 1517 et

134 1534 175 1593 sic
196 1532 309 1597 obicem
323 1537 438 1600 auferre
452 1557 461 1612 3
479 1536 530 1598 sed
549 1554 610 1596 non
621 1534 742 1613 jejunus
756 1578 765 1607 ‚
784 1534 853 1597 edm
867 1551 927 1596 non
937 1538 1027 1613 possit
1040 1538 1145 1601 deinde

133 1620 238 1681 tollere
266 1621 381 1683 obicem
409 1620 511 1682 violati
540 1620 678 1699 jejunii,
707 1637 768 1680 non
796 1629 894 1698 potest
922 1622 1145 1685 irreverentium

133 1705 245 1768 evitare
260 1752 268 1781 ‚
278 1706 363 1787 juxte
388 1707 465 1768 dicta
484 1708 516 1767 iu
537 1707 628 1768 simili
647 1724 714 1766 casu
731 1724 815 1766 nont.
838 1708 908 1767 262.
932 1706 1067 1769 Primam
1080 1727 1144 1769 sen-

133 1791 255 1851 teutiam
268 1793 451 1872 probabilem
464 1802 559 1871 puto,
580 1790 630 1852 sed
646 1790 709 1851 haee
732 1790 858 1850 secunda
875 1790 1059 1871 probabilior
1072 1792 1145 1854 milti

132 1873 270 1952 videtur,
293 1878 349 1937 uisi
367 1876 413 1955 (ut
433 1876 512 1937 recte
526 1877 629 1938 dicunt
641 1880 744 1959 Lupus.
758 1883 797 1936 tr.
817 1878 847 1936 4.
866 1894 891 1936 o.
905 1878 937 1936 6.
950 1896 982 1937 n.
1000 1878 1053 1937 bl.
1071 1876 1145 1940 Viuo

130 1980 161 2044 q.
179 1964 208 2023 6.
230 1967 290 2022 ort.
308 1963 339 2022 6.
357 1977 440 2021 outo.
459 1962 489 2021 5.
514 1968 544 2022 et
557 1959 661 2024 Escob.
675 1956 697 2021 l.
711 1960 749 2040 o.)
763 1959 961 2022 moribundus
974 1978 1034 2021 non
1049 1971 1145 2042 posset

129 2055 311 2110 sacramento
324 2046 522 2127 poeniteutiae3
535 2048 582 2108 vel
597 2056 737 2109 extremae
749 2049 898 2108 unctionis
919 2048 1031 2108 muniri
1048 2070 1057 2124 3
1075 2068 1144 2110 nam

130 2152 165 2194 co
180 2153 246 2196 casu
265 2131 446 2213 Eucharistia
470 2135 579 2212 poterit
592 2150 655 2196 esse
666 2141 882 2196 oeramentum
895 2133 1096 2208 necessitatis,
1110 2139 1144 2196 ut

129 2219 181 2280 ille
201 2238 237 2281 ex
253 2221 355 2284 attrito
373 2220 427 2283 liat
439 2219 596 2282 contritus.

166 2323 255 2383 Secus
277 2323 349 2385 verb
361 2323 543 2396 dicendum,
559 2322 583 2381 si
598 2319 750 2393 sacerdos,
764 2313 833 2380 crim
852 2327 927 2380 esset
942 2319 1033 2382 morti
1046 2322 1145 2402 proxi·

128 2426 195 2469 mus
205 2452 213 2481 ,
225 2408 346 2470 deberet
365 2411 514 2472 celebrare
527 2407 564 2468 od
577 2407 708 2469 dandum
724 2406 780 2468 sibi
794 2403 941 2466 Viaticum
956 2425 965 2484 3
979 2406 1051 2482 quia
1071 2414 1143 2470 tunc

127 2491 203 2555 liene
225 2496 335 2573 poterit
352 2495 501 2556 celebrere
526 2511 586 2554 non
600 2490 740 2569 jejunus,
757 2497 793 2549 ut
812 2497 959 2569 praecepto
975 2489 1084 2553 viatici
1097 2510 1142 2552 sa·

126 2580 271 2657 tislocist3
293 2590 365 2644 tunc
392 2581 473 2642 enim
495 2580 528 2640 iu
550 2577 652 2638 eedem
677 2591 803 2654 persona
825 2583 1006 2636 concurrunt
1029 2593 1144 2654 proeee-

20 2719 24 2727 .
126 2675 213 2742 ptum
239 2668 487 2738 ecclesiasticum,
505 2673 535 2725 et
562 2662 698 2725 divinum
725 2659 806 2740 quod
826 2659 1042 2738 praeterendum
1064 2673 1139 2724 est:

125 2750 166 2807 ite
180 2753 379 2812 communiter
397 2755 465 2812 cuin
482 2748 621 2812 anemb.
636 2749 726 2808 Snor.
738 2743 759 2807 t.
775 2763 800 2804 c.
821 2745 903 2824 nepo
914 2763 947 2804 n.
964 2745 1012 2804 69.
1029 2747 1139 2826 Luper.

124 2850 157 2892 n.
179 2835 228 2894 it).
240 2835 335 2896 Reozi
348 2844 453 2916 quest.
468 2838 499 2908 l.
510 2843 539 2894 et
551 2830 646 2895 Satn.
658 2849 684 2892 c.
696 2832 727 2891 7.
737 2848 769 2890 o..
786 2831 835 2890 78.
848 2847 915 2890 enon
933 2824 1141 2909 oliisposst'm.

162 2943 232 3004 28⁷.
250 2976 290 2988 -
305 2967 320 2996 a
336 2946 367 3004 2.
391 2945 422 3005 Si
438 2941 604 3023 perieulum
628 2942 686 3014 sit,
707 2957 745 3002 tte
760 2937 940 3000 Eucharistia
954 2947 1078 3016 pereat,
1093 2943 1142 3004 vel
1208 2929 1209 2932 ¹

125 3054 138 3083 s
162 3026 240 3090 meld
261 3036 422 3100 tractetur,
437 3035 535 3106 potest
559 3027 637 3088 sumi
653 3026 670 3086 l
695 3043 756 3087 non
772 3023 897 3111 jejuno,
914 3023 1004 3086 etiam
1019 3024 1099 3087 laico
1117 3027 1142 3089 si

122 3141 136 3169 ιι
160 3115 235 3176 elius
252 3115 329 3177 desit
349 3140 361 3169 υ
385 3115 452 3196 (Est
475 3130 628 3176 commune
649 3109 732 3190 opud
755 3103 849 3174 sana..
870 3107 905 3171 de
930 3107 1026 3172 nece
1057 3129 1086 3180 e,
1110 3115 1139 3174 7.
1208 3159 1209 3174 .

120 3203 185 3278 pi.
198 3220 230 3262 o.
238 3202 287 3262 78.
295 3199 366 3264 Vide
378 3198 458 3261 dieta
470 3216 503 3258 n.
519 3197 587 3276 86.)
607 3193 688 3258 aimo
698 3193 888 3274 probabiliter
901 3201 998 3272 potest
1010 3195 1106 3258 etism
1125 3195 1142 3262 d

123 3309 136 3333 ι»
161 3294 304 3362 praesente
313 3284 464 3346 sacerdote
475 3285 566 3348 laicus
576 3281 725 3360 accipere,
741 3287 775 3340 ut
790 3279 896 3344 docent
908 3275 996 3339 dard.
1009 3275 1143 3362 deann

123 3390 136 3417 a
159 3386 192 3426 n.
205 3371 256 3428 87.
271 3372 363 3432 Snus.
379 3378 408 3432 et
425 3372 514 3449 taso.
525 3367 555 3430 d.
567 3370 635 3429 ill.
650 3384 682 3426 n.
701 3367 750 3428 48.

161 3485 180 3514 c
199 3466 230 3520 5.
247 3467 277 3524 Si
289 3487 379 3542 grove
395 3470 564 3530 scandalum
576 3470 622 3532 sit
641 3467 791 3528 oriturum
810 3482 848 3527 ex
866 3464 1023 3526 omissione
1047 3467 1144 3528 sacri·

123 3564 136 3591 n
159 3541 241 3613 licii,
262 3551 309 3605 vet
325 3553 551 3612 communionis.
576 3552 663 3625 Quod
686 3559 784 3616 tamen
808 3549 929 3629 quidem
953 3555 1065 3628 putant
1090 3551 1145 3614 rix
