2450 3975
141 179 180 243 66
373 177 440 241 tit.
453 178 481 239 6.
500 180 596 239 Tract.
609 176 639 237 5.
657 170 912 235 venatorem.

143 282 208 343 riaa
220 282 296 361 Papa
317 280 476 341 declaravit
497 280 629 340 validum
642 277 822 356 baptismum
839 277 978 338 collatum
992 277 1158 342 iooomc'rte

142 364 251 427 Patrio
264 410 272 439 ‚
285 362 366 427 uitio
378 409 387 438 ,
401 373 454 426 etc.
473 366 576 436 Ratio,
590 363 659 441 quia
672 380 758 423 voees
778 362 819 421 ita
835 362 1003 423 constitutae
1014 373 1086 424 cunt
1097 410 1108 436 ,
1121 376 1158 425 ut

143 453 169 513 si
183 451 340 531 aliquando
356 467 424 509 eum
436 450 509 511 vitio
527 449 737 527 proferantur,
754 447 833 505 idem
845 445 1032 524 significent,
1044 450 1158 509 suffieit

143 536 245 609 enim,
265 544 299 597 ut
311 535 400 595 verba
413 534 516 595 formae
535 534 671 612 ingerant
683 548 802 591 sensum
814 528 832 589 d
845 529 961 591 cbristo
981 532 1133 593 intentum
1147 556 1158 609 3

134 618 225 681 'secus
243 620 268 679 si
284 619 376 680 alium
400 636 518 678 sensum
537 618 729 696 ingererent,
749 623 783 676 ut
805 615 830 675 si
858 616 925 695 quis
944 615 1075 687 diceret,
1098 619 1158 679 Hie

141 704 360 785 (adverbialiter
376 701 503 781 prolato)
517 708 559 763 eat
572 718 678 782 corpus
694 718 815 777 meum,
835 708 925 779 prout
947 700 1033 762 docet
1046 702 1079 763 S.
1096 703 1156 765 ΤΙι.

139 791 171 851 5.
189 798 271 871 port.
288 808 318 869 q.
334 789 384 851 60.
399 795 458 847 ort.
473 788 503 847 8.
518 784 623 847 Validis
635 786 725 847 etiam
739 795 941 859 consecraret,
959 786 1011 863 qui
1030 787 1159 848 adderet

140 876 231 935 verba
244 892 363 935 sensum
379 890 440 934 nou
456 871 695 950 corrumpentia,
707 888 740 930 v.
757 888 786 949 g.
802 873 866 931 Hoc
877 878 921 932 eet
933 888 1039 952 eorpus
1054 891 1158 935 meum

140 956 228 1020 ceole.
246 955 334 1019 Sectis
344 958 367 1016 si
377 957 506 1017 diceret:
519 958 582 1017 Hoc
594 963 639 1017 cat
651 973 756 1035 eorpus
766 974 864 1015 meum
872 954 1048 1037 fipurotumt
1062 960 1102 1019 Et
1114 962 1156 1020 ita

139 1044 251 1122 pariter
272 1038 401 1102 invalide
420 1049 621 1112 consecraret,
637 1040 743 1119 siquis
765 1040 896 1101 diceret:
912 1042 974 1101 Hoc
992 1059 1100 1122 eorpus
1112 1052 1157 1105 est

141 1144 251 1199 mcum,
268 1135 303 1186 ut
314 1126 418 1186 dicunt
430 1128 511 1187 Bon.
524 1126 595 1185 Coo.
607 1124 735 1185 Autoine
744 1170 754 1201 ,
763 1122 865 1186 etliib.
874 1125 943 1202 quia
954 1124 1075 1204 perbaee
1084 1146 1158 1188 ver-

139 1212 245 1273 banou
257 1211 470 1291 significaretur
481 1208 754 1272 transubstantiatio
772 1212 856 1288 panis
872 1210 903 1270 in
913 1228 1019 1288 eorpus
1028 1210 1157 1273 Christi.
1218 1283 1219 1288 η

178 1299 288 1359 Dicunt
302 1295 394 1362 Solos.
407 1298 442 1357 de
452 1294 548 1357 Eucb.
559 1314 584 1356 e.
601 1297 630 1355 6.
644 1313 675 1374 p.
691 1297 719 1355 1.
733 1312 767 1355 ιι.
782 1297 832 1355 16.
846 1314 914 1355 eum
925 1296 993 1357 Soto
1008 1298 1157 1374 repellen-

140 1385 213 1445 dum
227 1401 289 1443 esse
298 1383 489 1461 scrupulum,
509 1380 533 1439 si
547 1381 614 1457 quis
631 1380 696 1439 vice
710 1397 817 1457 corpus
828 1396 925 1440 ouum
939 1378 1071 1457 prolerat
1086 1401 1157 1443 cor·

139 1478 197 1542 poe
215 1478 314 1519 meua.
327 1460 461 1529 Pariter,
475 1456 500 1516 si
520 1475 576 1534 pro
595 1464 659 1528 est,
676 1457 805 1533 proferat
817 1474 866 1533 ea,
887 1465 922 1516 ut
934 1455 1019 1516 Dion
1032 1456 1108 1519 ibid.
1122 1461 1152 1519 Si

141 1563 196 1624 pro
211 1540 308 1615 colio,
323 1543 401 1603 dieat
418 1536 509 1612 colio,
531 1549 565 1599 ut
589 1542 683 1601 Heor.
704 1541 734 1599 Si
746 1558 802 1617 pro
821 1540 997 1621 stupuistis,
1019 1544 1154 1620 proferat

138 1622 300 1709 adaquata
310 1660 319 1707 t
330 1627 371 1707 (ct
389 1628 476 1687 Sottta
491 1624 547 1685 hoe
565 1633 685 1684 excesu
696 1625 733 1683 ab
748 1625 830 1685 omni
845 1625 948 1703 culpa,
961 1626 1017 1685 etsi
1032 1628 1157 1689 omitta-

140 1724 191 1774 tur
204 1713 353 1791 diligentia
368 1711 404 1772 ad
420 1710 653 1785 proterendum:
669 1708 720 1769 sed
734 1708 840 1770 melitis
857 1709 951 1769 Dian.
965 1710 1078 1772 hand.
1096 1721 1151 1774 eto.

139 1809 278 1861 excusant
292 1796 409 1860 uncum
421 1797 437 1858 d
448 1796 565 1859 mortali
574 1796 652 1875 apud
663 1792 756 1856 Salso.
770 1792 841 1857 ibid.
852 1812 884 1855 ιι.
896 1794 956 1873 17.)
967 1798 1069 1870 Ratio,
1081 1800 1153 1877 quia

140 1885 171 1943 in
187 1882 232 1943 bis
244 1892 377 1943 remanet
392 1884 507 1955 forma,
525 1888 555 1942 ct
568 1880 741 1958 significatio
758 1879 955 1941 substantialis
965 1923 974 1953 ,
986 1878 1055 1940 edm
1068 1900 1154 1945 com·

138 1970 270 2031 maniter
290 1976 362 2030 tune
378 1964 450 2029 colia
463 1965 533 2028 vere
547 1966 728 2046 percipiatur
747 1982 801 2045 pro
812 1961 892 2026 cotie
902 2010 910 2038 ,
921 1972 952 2026 et
967 1965 1009 2026 sie
1021 1966 1060 2026 de
1071 1968 1150 2030 aliis.

177 2054 368 2128 Notandum,
393 2051 476 2130 qubd
501 2053 525 2112 si
547 2051 680 2112 sacerdos
698 2069 730 2113 se
751 2049 887 2111 distrahit
902 2051 934 2110 iu
960 2051 1153 2115 conficiendis

138 2140 344 2211 sacramentis,
360 2140 410 2199 vix
422 2138 487 2199 lieri
501 2146 597 2217 potest
609 2181 618 2210 ‚
632 2147 667 2198 ut
677 2147 892 2199 sacramentum
907 2136 1049 2197 reddatur
1065 2140 1152 2201 iuva-

138 2225 233 2287 lidum
243 2225 281 2285 ob
297 2223 518 2285 distractionem
539 2223 688 2299 ministri3
703 2222 759 2283 nisi
771 2222 922 2282 distractio
941 2230 1016 2282 essct
1031 2227 1149 2299 totalis,

137 2312 180 2372 ait
198 2310 286 2370 Cror'a
300 2307 321 2369 l.
336 2312 366 2369 6.
377 2327 409 2389 p.
425 2310 455 2368 1.
466 2327 499 2368 ιι.
512 2309 558 2369 db.
571 2308 628 2368 Sed
643 2306 720 2368 hane
732 2306 940 2375 limitationem
954 2306 1151 2369 miniandesse

136 2394 320 2476 probabilem
331 2393 520 2472 probavimus
532 2412 564 2453 ra.
576 2395 624 2454 11.
633 2390 669 2452 de
678 2396 812 2453 Sacram.
823 2390 856 2452 ιἰι
867 2409 935 2472 pen.
949 2393 983 2451 lu
993 2392 1151 2454 conficien-

136 2480 182 2540 dis
192 2479 260 2560 ¹aliis
280 2479 488 2550 sacramentis,
507 2478 644 2537 minister
660 2476 825 2538 voluntarie
841 2495 873 2536 se
888 2470 1072 2549 distrahens,
1085 2496 1148 2538 uon

136 2573 235 2647 peccat
255 2565 322 2643 plus
341 2562 429 2642 quam
449 2562 622 2635 venialiter,
646 2569 681 2622 ut
696 2561 768 2622 dicit
789 2560 886 2622 Gobet
909 2579 978 2621 eum
995 2564 1150 2623 communi

135 2650 218 2732 opud
232 2650 321 2711 Croic
332 2647 353 2710 l.
367 2668 392 2710 c.
404 2647 461 2709 Sed
476 2648 588 2708 ibidem
610 2645 713 2708 Tomb.
733 2646 879 2718 advertit,
896 2644 976 2723 qubd
991 2646 1024 2704 iu
1043 2664 1149 2708 couse-

135 2735 243 2796 ccauda
256 2735 437 2794 Eucharistia
462 2735 596 2795 sacerdos
612 2731 779 2793 voluntarie
798 2740 829 2791 et
844 2730 1029 2791 advertenter
1040 2748 1073 2791 se
1084 2732 1149 2793 dis·

135 2817 273 2888 trahens,
288 2819 401 2877 ratione
415 2819 511 2896 gravis
523 2819 723 2878 irreverentia
732 2817 860 2894 graviter
871 2824 1010 2895 peccaret.

173 2902 395 2963 Advertendum
424 2909 539 2971 autem,
563 2902 644 2980 quod
667 2902 757 2960 verba
781 2900 1006 2960 consecrationis
1020 2900 1148 2964 minimis

133 2985 302 3067 replicanda
314 2988 392 3056 sint,
408 2985 464 3045 nisi
478 2982 759 3066 ooldeprobobt'litcr
767 2984 883 3046 dubitet
889 2984 1020 3044 sacerdos
1031 2985 1148 3063 aliquid

133 3074 283 3145 omisisse,
300 3079 334 3132 ut
348 3071 480 3150 loquitur
496 3070 626 3133 Robrica
645 3071 738 3134 titt.
753 3089 786 3130 u.
799 3073 830 3132 2.
841 3068 888 3130 bis
903 3070 1000 3130 verbis
1010 3091 1019 3130 a
1031 3071 1067 3131 Si
1075 3068 1149 3133 cete-

133 3158 224 3222 brooc
236 3175 297 3220 ooo
309 3155 473 3218 recordetur
489 3173 519 3216 se
537 3154 647 3216 dirime
662 3173 699 3215 eo
715 3173 782 3236 que
796 3154 829 3215 io
839 3154 1050 3216 mocecrotiooc
1066 3173 1148 3216 oom-

133 3245 264 3310 maniter
281 3245 436 3320 dicuutur,
453 3261 512 3304 uon
525 3242 604 3305 debet
614 3249 768 3324 propterea
779 3241 904 3303 turbari.
917 3240 953 3302 St'
961 3245 1148 3305 torneueertd

134 3334 163 3393 ei
177 3341 329 3394 coostotoe
343 3330 475 3392 omisisse
493 3325 610 3409 aliquid
625 3345 727 3388 eorum
747 3345 814 3406 que
830 3333 904 3387 suot
920 3324 955 3386 de
978 3327 1149 3388 nmmaitote

131 3416 310 3478 sacramenti
318 3421 470 3492 ,resumat
477 3411 619 3492 sororum.
632 3412 667 3472 Si
678 3412 747 3472 oerd
756 3407 841 3472 ualde
852 3405 1045 3491 probabiliter
1056 3408 1148 3471 ‹tott-

136 3509 181 3558 tot
191 3519 220 3560 ce
237 3499 354 3579 aliquid
374 3497 525 3562 essentiale
537 3498 691 3574 οιιιίιὶιιθ,
713 3494 960 3576 tesefontem,
973 3489 1148 3558 adtenuata
1216 3518 1217 3561 ι

139 3580 228 3640 tacite
237 3581 413 3646 conditione.
1216 3610 1217 3613 ¹
