2450 3975
132 168 190 230 lli
361 160 428 229 Ltlt.
442 164 472 227 6.
492 164 589 227 Trcel.
601 164 632 225 5.
646 164 691 225 nc
707 159 906 227 t’cctcrtcttc.

128 264 468 341 etunetoemmanun
489 264 637 326 affirmant
659 264 748 326 Sucr.
767 264 798 325 5.
819 280 853 345 p.
868 262 900 327 d.
913 267 963 329 to.
984 272 1094 332 55555.
1108 292 1141 335 5.
1211 292 1212 353 5

128 352 203 415 Dico
215 354 245 414 2.
262 352 340 413 Boo.
354 348 484 411 deSccr.
496 348 527 411 t.
542 352 572 409 t.
585 366 616 431 q.
630 350 660 409 5.
682 366 714 429 p.
728 352 758 411 5.
776 348 804 430 s.
817 352 846 410 5.
867 368 901 411 5.
917 354 965 414 tt.
980 354 1064 437 Lupo
1074 358 1142 421 eorl.

129 436 177 497 tit.
189 435 221 497 tl.
234 438 265 499 8.
278 455 312 497 5.
326 436 377 495 95.
391 454 457 495 crem
479 432 572 515 Molf.
590 432 728 497 etDicn.
744 434 814 495 item
833 437 917 497 Cont.
937 441 1047 501 Toum.
1067 442 1143 505 5555.
1211 438 1212 483 1

126 538 156 582 5.
170 522 271 597 chr.
286 522 317 582 6.
337 522 373 583 5.
388 517 429 580 erl
441 522 470 581 2.
495 515 616 582 Holzm.
630 537 662 599 p.
678 520 812 581 5.·5555.
830 520 879 581 22.
891 540 921 582 5.
933 522 1038 597 Dices,
1055 524 1147 589 Elbcl

125 622 158 687 p.
177 607 247 667 tte.
261 624 345 668 5555.
370 605 438 665 tut.
459 605 563 665 51555.
584 602 620 665 cle
637 620 698 665 555.
720 602 803 665 mus.
818 610 840 665 t.
856 606 887 666 5.
901 624 934 687 p.
948 608 1016 669 tes.
1033 611 1147 691 Sporcr
1211 606 1212 669 5

125 690 191 753 eorl.
211 692 259 754 tit.
282 710 368 753 num.
393 688 461 749 55).
483 706 549 749 cum
565 687 638 750 Gob.
667 687 719 766 qui
741 696 865 748 testatur
890 687 968 751 5555
988 710 1051 754 esse
1075 716 1145 758 om·

125 777 210 839 nium
227 776 361 855 praxim,
375 783 405 835 et
419 772 508 839 croic
519 770 540 833 l.
554 775 584 833 6.
594 790 628 854 p.
644 774 674 835 5.
688 790 774 837 oum.
789 775 857 837 505.
871 792 938 834 cota
947 777 1018 837 Coo.
1035 782 1141 843 romb.
1211 784 1212 851 5

124 870 155 923 et
169 864 262 944 Pcsp.
276 860 363 923 Etab
386 858 439 924 555
461 856 596 930 doctrina
617 858 650 917 in
672 856 835 921 substantia
849 876 910 919 555
931 868 974 920 est
992 861 1143 925 difformis

124 949 163 1010 P.
180 949 266 1009 6555.
292 952 313 1007 t.
330 946 358 1006 8.
375 962 407 1027 p.
432 944 501 1007 tto.
517 962 550 1010 5.
567 944 616 1003 56.
625 962 639 1020 p
653 960 742 1019 uam,
767 941 836 1003 lieclt
851 944 983 1021 requirat
998 945 1144 1011 intentio·

124 1049 194 1092 nem
211 1030 387 1103 virtualem,
401 1038 501 1090 tamen
525 1026 661 1097 virtualis
673 1024 722 1091 illa
736 1025 837 1107 (modo
853 1047 912 1106 quo
927 1029 989 1108 ipse
1002 1033 1142 1113 explicati
1211 1034 1212 1097 5

124 1112 263 1176 coincidit
279 1133 348 1176 cuna
366 1124 466 1175 nostru
489 1108 655 1193 habituali3
678 1110 751 1173 daim
779 1113 901 1190 iuquit,
924 1113 1005 1193 quta
1031 1116 1142 1197 siquis

123 1200 269 1279 acceperit
287 1202 328 1263 20
340 1202 558 1281 eleemosynas,
569 1206 600 1261 et
612 1196 702 1259 laodic
715 1197 940 1259 celebrationem
955 1201 1059 1280 incipit
1071 1220 1142 1265 cum
1211 1244 1212 1289 5

123 1283 276 1347 voluntate
291 1286 483 1365 sequentibus
505 1282 610 1343 diebus
631 1282 796 1343 celebrandi
814 1284 1044 1361 promerente,
1067 1296 1142 1348 tanc
1211 1292 1212 1375 5

123 1369 257 1431 sufficere
274 1370 404 1450 primam
427 1369 645 1443 intentionem3
665 1367 780 1427 etiamsi
802 1369 915 1427 ooetcris
939 1370 1063 1447 singulis
1082 1372 1144 1432 die·
1211 1378 1212 1435 l

124 1454 180 1516 bus
193 1456 252 1518 555
273 1458 429 1517 distractus
441 1454 524 1515 illam
543 1473 605 1515 555
620 1462 754 1513 renovet.
772 1454 972 1515 Ratio-uestra
994 1464 1056 1529 est,
1069 1458 1142 1535 quia

123 1540 280 1618 applicatio
299 1540 397 1600 missae
414 1536 550 1599 sehabet
569 1555 623 1618 per
645 1538 768 1601 modum
799 1538 967 1599 donationis
992 1540 1141 1613 verbalis,
1211 1546 1212 1607 5

124 1644 190 1705 quce
205 1626 297 1687 semel
318 1626 393 1686 iacta
414 1624 494 1685 valet
509 1623 604 1689 donec
624 1620 762 1703 expresse
789 1632 954 1683 revocetur.
974 1626 1144 1703 Responde*
1211 1610 1212 1689 l

123 1720 174 1772 tur
191 1719 290 1773 autem
306 1712 343 1771 ad
357 1710 503 1771 rationem
516 1708 699 1789 oppositam,
714 1706 794 1785 quiid
816 1708 848 1767 in
863 1711 1051 1770 sacramentis
1070 1712 1141 1773 ideo

122 1797 288 1873 requiritur
309 1796 436 1857 intentio
453 1794 573 1855 actualis
587 1792 635 1854 vel
651 1791 806 1864 virtualis,
823 1792 892 1869 quia
911 1793 1035 1854 intentio
1047 1794 1143 1859 efficit

122 1889 361 1953 sacramentum,
388 1879 613 1939 seu'actualitor
631 1874 733 1940 influit
755 1876 787 1938 in
817 1874 880 1953 ejus
902 1878 1141 1959 coniectionem

121 1962 174 2024 aed
189 1963 222 2023 in
237 1963 433 2041 applicatione
454 1964 551 2024 misso
564 1964 693 2025 intentio
712 1978 773 2023 555
786 1958 876 2022 efficit
893 1961 1024 2024 fructum
1041 1963 1138 2040 illius,

122 2047 195 2109 dum
217 2046 314 2109 adhuc
334 2048 398 2108 sine
420 2048 615 2127 applicatione
639 2047 677 2108 de
695 2065 727 2108 se
753 2047 849 2107 oritur
878 2046 990 2108 fructus
1016 2053 1141 2113 555515-

122 2133 259 2195 hratioue
277 2133 392 2205 misso,
418 2141 448 2193 ct
468 2131 536 2193 ideo
553 2133 661 2193 sufficit
685 2131 841 2212 applicatio
862 2131 1021 2210 aliquando
1041 2133 1138 2212 iacta,

121 2236 177 2299 per
190 2236 279 2297 quam
293 2219 406 2279 tructus
423 2217 481 2278 luit
503 2217 590 2278 alicui
608 2217 744 2279 donatus.

161 2303 311 2378 Quaeritur
326 2304 365 2362 ΙΙ.
379 2302 424 2363 An
434 2303 460 2362 si
477 2301 543 2381 quis
555 2303 662 2379 accipit
686 2299 865 2380 stipendium
883 2295 1017 2362 5555555
1037 2319 1140 2379 perso·

122 2388 169 2449 nis
184 2406 239 2466 pro
262 2387 363 2448 decem
389 2388 500 2466 missis,
525 2387 681 2447 satisfaciat
696 2385 870 2465 applicando
894 2386 1005 2464 primas
1030 2387 1138 2452 decem
1211 2445 1212 2464 ,

122 2475 225 2535 missas
238 2492 311 2552 ques
335 2473 407 2552 legit
425 2490 481 2550 pro
498 2454 568 2550 ipsis
587 2472 620 2532 iu
642 2471 781 2533 confuso?
803 2473 896 2550 Negat
910 2467 1031 2550 Sylvius
1051 2475 1141 2554 operi
1211 2469 1212 2528 l

76 2584 78 2587 ·
122 2560 203 2622 555.
219 2557 293 2620 ac.
315 2577 348 2640 p.
369 2559 399 2628 5.
422 2555 536 2638 §.cn
554 2559 585 2618 t.
602 2558 809 2620 arconate.
827 2557 986 2636 pacta.
1008 2557 1058 2618 cs.
1078 2561 1138 2622 sea
1211 2533 1212 2628 5

122 2641 229 2703 melitis
251 2643 370 2704 videtur
387 2643 429 2703 sic
445 2641 712 2722 distinguendum:
735 2641 765 2701 si
782 2639 896 2719 singula
921 2639 1061 2700 sacrificia
1087 2661 1139 2722 ap·
1211 2649 1212 2714 5

121 2725 270 2804 plicantur
289 2745 345 2805 pro
360 2726 483 2807 singulis
503 2721 747 2808 indeterminato,
763 2743 824 2786 555
837 2726 957 2785 videtur
973 2725 1136 2802 satisfieri,

122 2809 268 2888 quidquid
288 2811 389 2871 dicant
410 2813 536 2890 Averso,
557 2821 585 2874 et
606 2810 712 2872 Diuico
726 2809 809 2894 apud
834 2809 924 2870 croix
947 2808 969 2870 l.
993 2811 1023 2871 6.
1041 2829 1075 2893 ρ.
1103 2817 1134 2876 2.
1211 2817 1212 2882 5

122 2915 155 2961 5.
178 2897 248 2958 509.
273 2897 377 2965 Ratio,
397 2897 477 2974 quod
501 2897 538 2957 ad
565 2895 791 2957 satisfactionem
820 2895 985 2976 requiritur
1006 2897 1136 2960 intentio
1211 2889 1212 2982 5

121 2981 287 3062 applicandi
313 2982 443 3040 fructum
474 2981 679 3048 determinate
704 2999 855 3060 personae,
882 2989 916 3040 ut
948 2981 991 3040 illi
1014 2983 1136 3061 prosit3
1211 2985 1212 3060 5

122 3068 203 3130 5555
219 3067 295 3128 sicut
319 3081 380 3125 555
404 3075 605 3139 consecraret,
636 3067 688 3145 qui
709 3065 805 3150 decim
827 3066 974 3146 proferret
1005 3065 1136 3129 formam
1211 3061 1212 3146 5

121 3153 347 3221 consecrationis
365 3170 454 3232 super
470 3153 572 3214 decem
596 3151 725 3228 hostias,
751 3173 818 3216 cum
847 3153 1012 3215 intentione
1036 3172 1136 3214 couse-

122 3244 224 3305 eraudi
246 3238 424 3319 unaqueque
443 3236 538 3300 tornat
560 3257 651 3300 unam
668 3239 794 3300 bostiam
819 3257 855 3298 cx
873 3239 916 3299 eis
936 3239 968 3298 iu
986 3237 1134 3318 conlus03
1211 3241 1212 3324 5

109 3324 163 3388 ¹ita
178 3329 230 3406 qui
249 3327 376 3406 applicat
393 3323 494 3389 decem
518 3326 621 3386 missas
637 3323 877 3386 indeterminate.
892 3324 924 3384 Si
948 3322 1019 3384 vert
1036 3339 1135 3383 saeer-

121 3413 175 3472 dos
190 3428 430 3490 unamquamque
447 3411 565 3472 missam
585 3409 751 3471 intenderet
765 3409 912 3488 applicare
924 3406 1062 3470 omnibus
1073 3407 1137 3470 illis
1211 3389 1212 3422 ¹

121 3493 222 3582 decem
241 3494 373 3568 personis
384 3537 393 3566 ,
405 3497 528 3574 cingulis
548 3495 724 3574 applicando
738 3493 883 3554 decimam
905 3500 1020 3572 partem
1033 3492 1135 3552 unius·
1211 3493 1212 3568 5

122 3587 264 3646 cursusque
278 3576 396 3646 missac,
414 3595 475 3638 555
491 3580 609 3639 videtur
624 3579 701 3640 ratio
721 3595 774 3640 cur
790 3597 852 3642 555
871 3577 1044 3652 satisfaciat,
1061 3574 1134 3640 5555
1211 3569 1212 3608 ³
