2450 3975
264 231 347 324 (top.
363 217 393 289 i.
405 197 451 288 De
465 234 569 288 essert.
586 225 677 309 tejas
695 243 821 291 nouom.
835 229 915 294 θαι.
931 235 959 296 ι.
1059 234 1117 297 ι83

109 326 250 392 Tainour.
265 324 341 388 tent
358 344 442 406 posse
457 322 571 386 obsolvi
594 327 806 405 pontonium,
824 331 873 409 qui
889 341 971 392 antea
986 351 1037 392 sno
1050 352 1118 412 pee-

104 425 167 476 mta
186 415 218 476 in
238 413 349 491 scripto
371 411 493 489 legendo
515 410 652 482 dederit,
670 423 700 473 et
719 413 826 475 deinde
847 419 981 493 praeseoti
1005 420 1117 478 conses-

104 500 182 576 sorio
201 499 299 574 dieat,
315 494 352 557 de
370 495 417 558 tis
430 514 476 556 me
496 515 610 556 areum.
628 487 713 572 Quod
732 508 832 582 tomen
850 501 1005 562 advertunt
1021 502 1115 562 Satin.

103 581 140 643 de
155 583 297 662 poenite.
313 581 344 641 7.
358 599 394 661 p.
410 583 439 640 ιι
463 600 496 641 ιι.
518 583 567 641 ιι.
583 599 650 640 eum
671 586 751 660 Cano
766 627 775 656 ‚
791 579 863 644 Pol.
883 587 975 665 Poeq.
997 588 1068 647 Coo.
1088 593 1118 647 et

103 663 174 729 otiis
193 685 253 726 non
269 665 522 744 permittendum
538 666 595 725 nisi
617 683 652 725 ex
674 669 755 744 gravi
770 687 874 740 eouso,
889 688 996 748 nempe
1012 672 1116 748 siquis

104 752 145 811 ob
164 770 302 829 angorem
320 750 468 828 gutturis,
483 751 731 829 impedimentum
752 753 880 830 linguon,
902 762 953 813 out
975 757 998 814 si
1018 758 1116 837 puello

104 853 192 914 supro
204 836 327 896 modum
338 835 503 894 verecunda
514 837 546 894 in
557 835 728 912 explicando
739 855 810 897 voee
823 856 874 897 suo
885 847 1000 917 peceato
1011 885 1019 908 ,
1030 841 1116 900 vuldo

158 939 225 980 vem
244 919 444 979 difficultatem
466 921 584 979 sentiat.
604 921 759 980 Rationem
775 921 925 982 oddueunt
942 921 1061 985 Holzm.
1081 943 1114 984 o.
1142 989 1144 994 ,

103 938 174 1066 gig.
187 1005 335 1086 etSporer
353 1023 386 1065 n.
402 1007 478 1080 488,
499 1006 568 1083 quia
591 1003 660 1064 lieet
681 1007 822 1068 consessio
844 1009 926 1070 nulio
948 1009 1017 1087 jure
1040 1028 1116 1089 prae-

103 1099 191 1168 eeptu
208 1092 247 1150 sit
265 1090 331 1150 fieri
350 1089 513 1163 vocaliteri
534 1099 632 1150 tomen
645 1136 653 1164 ‚
666 1089 734 1152 oiim
755 1096 904 1154 commoni
917 1096 1050 1158 Eeelesiae
1061 1114 1116 1157 usu

104 1174 144 1235 sit
157 1184 291 1253 receptus
304 1173 412 1234 modus
423 1176 465 1234 sie
478 1174 657 1247 confitendi,
672 1174 721 1237 hie
737 1196 816 1236 nune
834 1179 947 1239 obtinet
966 1182 1027 1240 vim
1041 1201 1116 1259 prae·

104 1261 204 1338 cepti,
222 1267 254 1318 et
270 1259 395 1338 proinde
415 1261 480 1320 sine
495 1260 578 1339 gravi
591 1279 677 1322 cause
694 1263 770 1323 soret
781 1264 888 1324 illicito
907 1265 1047 1327 confessio
1061 1268 1117 1327 oli·

104 1353 152 1404 ter
169 1343 253 1404 sueto.
990 1352 994 1358 “

143 1429 213 1490 450.
226 1454 265 1472 ⁸-
286 1429 435 1512 Qoaeritur
455 1417 494 1488 ti.
515 1430 657 1503 Qoaenam
681 1429 776 1490 formo
803 1431 834 1492 in
856 1429 912 1492 hoe
933 1442 1115 1498 sacramento

126 1512 278 1572 inserendo
301 1513 363 1571 sit?
382 1515 484 1572 Plures
506 1533 610 1591 graves
635 1525 767 1574 auctores
791 1525 916 1588 tenent,
939 1519 1018 1595 quod
1044 1521 1115 1582 olim

103 1532 228 1658 Ecclesia
240 1617 290 1656 uso
306 1597 380 1658 sueri
385 1607 395 1656 ι
408 1599 502 1658 sormi
514 1599 712 1682 deprecatorizi
725 1597 875 1678 (desolent
888 1609 913 1662 te
924 1603 1013 1681 Deus)
1024 1623 1116 1684 usque

104 1685 142 1745 od
166 1683 298 1744 medium
317 1685 457 1744 secutum
479 1686 561 1744 xltt.
580 1695 610 1746 et
632 1685 711 1762 quod
732 1689 820 1746 etiam
840 1687 928 1747 hodie
946 1688 1008 1748 hoee
1028 1691 1066 1750 sit
1085 1691 1116 1751 in

105 1788 160 1830 usu
182 1769 260 1846 opud
277 1770 410 1843 Graeeos3
432 1770 471 1828 ito
495 1772 606 1829 Touru.
627 1767 719 1831 Prot.
742 1767 827 1831 theol.
846 1771 879 1832 de
898 1771 1000 1853 percit.
1017 1791 1067 1854 qo.
1084 1777 1114 1834 9.

104 1861 163 1917 ort.
180 1855 209 1912 ι.
231 1849 320 1913 eooel.
336 1845 366 1913 3.
380 1855 532 1923 Mortem,
551 1855 660 1915 Vitare.
681 1853 762 1932 apud
781 1855 901 1916 concio.
922 1842 1073 1938 deponit.
1092 1865 1114 1922 ι.

105 1941 135 1999 ιι.
148 1958 179 2020 p.
191 1941 257 2001 579.
270 1939 326 1999 Sed
338 1937 369 1998 id
383 1948 491 2017 negant
504 1941 673 2012 Bermion,
686 1941 796 2017 Gonot,
808 1949 836 2001 et
848 1939 943 2003 Nimi.
954 1960 1004 2023 op.
1017 1941 1114 2005 euned.

106 2020 226 2085 Conein.
246 2022 309 2085 imo
326 2022 565 2102 eommuoi'ssime
576 2028 670 2085 nostri
685 2024 812 2105 theologi
827 2028 950 2087 moroles
963 2073 970 2099 ,
984 2030 1112 2105 Suorez,

103 2112 188 2182 soto,
203 2111 303 2190 Lupo,
328 2108 420 2189 cajet.
444 2111 533 2191 Voep.
549 2093 613 2172 Vol.
628 2119 656 2171 et
673 2108 729 2170 atii
746 2108 873 2193 piurirui
888 2131 954 2173 eum
968 2110 1062 2173 Solet.
1081 2114 1116 2175 de

103 2194 208 2274 ponit.
226 2213 250 2255 e.
262 2196 292 2254 5.
302 2213 336 2274 p.
349 2196 379 2253 ι.
393 2212 423 2253 o.
440 2196 489 2254 17.
510 2203 538 2255 ιι
557 2198 647 2257 ι’νοιί
659 2194 709 2256 ot.
723 2199 753 2257 6.
766 2216 800 2277 p.
815 2199 844 2257 2.
862 2216 895 2256 o.
911 2199 979 2256 659.
998 2208 1116 2258 censent

105 2282 231 2359 formam
248 2278 480 2356 deprecatoriam
499 2298 560 2339 esse
581 2282 761 2355 invalidam,
779 2298 815 2341 ex
836 2298 871 2341 eo
894 2278 973 2357 quod
985 2278 1116 2341 Christus

106 2364 268 2435 Dominus,
282 2362 338 2423 hoe
353 2374 570 2423 soeremeotnm
582 2364 740 2425 instituens
754 2366 855 2441 (Joart.
875 2362 936 2442 ιθ.)
950 2409 958 2437 ,
976 2365 1117 2437 expressit

104 2448 281 2508 sententiam
301 2448 505 2525 proferendum
524 2466 587 2507 esse
605 2446 623 2507 d
639 2448 788 2509 sacerdote
808 2447 851 2508 uti
862 2448 980 2525 judice,
993 2447 1112 2508 dicens:

106 2533 240 2605 Quorum
259 2531 428 2592 remiseritis
449 2542 583 2611 peecata,
604 2532 798 2593 remittuntur
812 2532 862 2594 eis.
879 2532 961 2592 Unde
981 2550 1116 2609 comper·

104 2626 171 2675 tom
190 2614 309 2675 ridetur
333 2618 532 2675 necessarium·
548 2635 632 2691 esse,
652 2627 686 2677 ut
701 2627 816 2696 peceato
837 2618 874 2677 ob
892 2616 961 2694 ipsis
983 2617 1117 2677 sacerdo·

104 2700 184 2759 tihos
210 2708 360 2778 tamquam
371 2696 479 2766 Christi
503 2702 619 2761 vicariis
645 2703 857 2772 remittuntur,
884 2718 937 2759 nee
964 2700 1114 2774 sufficere,

105 2772 187 2861 quod
207 2784 261 2861 ipsi
274 2783 389 2855 Deum,
408 2792 443 2843 ut
455 2784 610 2857 remittat,
625 2784 832 2865 deprecentur.
845 2784 901 2845 Sed
919 2784 1062 2863 quidquid
1079 2787 1116 2847 sit

105 2868 143 2927 de
160 2864 233 2936 hoe,
247 2863 335 2927 hodie
355 2877 469 2929 eertum
491 2877 557 2940 est,
570 2880 601 2930 et
620 2872 657 2930 de
678 2870 752 2939 fide,
768 2868 896 2930 debitam
910 2872 1036 2931 somnam
1056 2889 1116 2931 esse

104 2951 231 3011 formam
241 2949 1075 3033 indicativam,otdeelaroritTridentinumsese.idenp.
1086 2957 1114 3014 5.

103 3035 281 3095 lris'verbis:
298 3038 388 3095 Docet
400 3037 431 3096 S.
443 3037 579 3116 Spondere
590 3040 769 3101 sacrementi
779 3041 956 3121 poenitentioe
970 3036 1115 3115 sorerem,

104 3121 139 3181 in
156 3138 217 3215 pua
235 3118 383 3201 precipue
404 3118 499 3200 ipsius
519 3122 565 3182 vie
583 3123 643 3185 sita
662 3133 723 3194 est,
741 3124 774 3185 in
794 3114 854 3186 dtis
872 3120 1006 3184 urinistri
1025 3119 1116 3181 nordio

103 3211 234 3284 pontem
251 3221 326 3273 eree,
345 3206 405 3281 Ego
417 3214 446 3264 te
459 3206 595 3281 absolvo,
611 3219 668 3269 ete.
702 3209 789 3271 uitus
804 3206 920 3288 pontem
934 3204 968 3265 de
981 3200 1117 3263 mdeste

105 3294 216 3348 saneto
231 3306 311 3347 more
323 3306 421 3369 precer
435 3291 575 3369 quedam
592 3229 784 3355 laoto‘iittur
798 3290 1014 3372 adpropuotur.
1027 3286 1064 3347 tt
1073 3304 1117 3346 su·

106 3390 161 3449 por
176 3371 231 3431 hoc
244 3372 338 3431 formo
355 3373 441 3451 ploro
461 3387 622 3437 oeeurrunt
643 3378 743 3437 dubia.

147 3455 307 3515 Dubitotor
321 3459 349 3515 t.
364 3458 398 3516 ln
415 3460 523 3535 quibos
535 3460 633 3520 verbis
646 3460 708 3519 hmo
722 3462 814 3519 sormo
826 3456 1115 3517 consistam-Certum

108 3549 154 3599 ret
166 3539 246 3617 opud
259 3557 361 3601 omnes
374 3584 382 3611 ‚
396 3545 486 3603 verba
510 3548 548 3603 Te
566 3540 684 3603 obsoleo
705 3536 741 3601 nd
761 3541 915 3600 essentiam
934 3540 1036 3599 formae
1050 3556 1117 3615 per·
1188 3554 1192 3563 ·

107 3624 217 3685 tinere.
232 3622 290 3684 Sed
309 3626 442 3685 sentiunt
454 3629 537 3709 Lupo
556 3625 591 3686 de
608 3624 754 3705 pointel.
771 3614 816 3685 ιδ.
828 3640 859 3684 o.
875 3624 922 3683 ί26.
933 3619 1006 3701 Wip.
1018 3628 1055 3681 tr.
1067 3620 1114 3677 15.
