2450 3975
333 211 406 295 cap.
421 210 833 277 recommemorata.
1047 216 1105 278 599

93 328 161 375 cum
174 309 304 374 ioeminis
317 320 439 391 peccant
448 330 591 373 consensu
603 356 612 385 ‚
626 312 744 387 uerbis,
757 324 809 377 aut
821 313 965 388 tactibus,
979 312 1014 377 cd
1024 315 1104 394 qudd

94 400 141 473 (ut
154 394 269 477 dicunt)
285 414 346 458 non
357 394 419 458 sard
434 416 550 476 semper
570 397 602 458 in
621 398 729 459 tatibus
748 400 948 460 occasionibus
962 409 1102 478 peccant3

94 490 164 543 nam
178 526 187 553 ,
199 490 235 543 ει
255 481 404 552 diximus,
423 481 460 543 ad
479 481 661 543 occasionem
685 484 851 562 proximam
868 485 1103 547 constituendam

96 567 224 639 sufficit,
237 574 271 629 ut
292 565 382 627 homo
394 566 564 643 frequenter
583 567 614 627 in
634 567 808 629 celabatur.
824 569 993 631 Notandum
1013 568 1102 643 verb,

95 652 175 730 qudd
196 648 355 731 aliquando
374 651 485 710 occasio
499 693 507 720 ,
520 668 587 728 quae
603 660 740 729 respectu
759 653 888 713 aliorum
906 654 1103 714 communiter

34 781 38 787 -
94 744 140 797 εει
155 737 309 815 proxima,
325 744 460 813 respectu
473 732 603 794 bominis
619 736 704 795 vaide
722 737 764 814 pii
779 746 810 797 et
824 737 901 797 cauti
920 737 1029 815 poterit
1041 752 1104 797 esse

93 830 208 882 remota
221 864 229 892 ‚
242 829 276 879 ut
294 817 370 879 bend
390 820 548 880 advertunt
563 817 681 880 [daiam.
694 830 723 881 et
737 820 827 881 Graia
836 818 858 881 l.
869 840 895 882 c.

132 905 333 981 Distinguitur
358 906 388 964 2.
412 904 524 965 occasio
551 904 581 963 in
606 898 821 978 voluntariam,
844 914 875 965 et
900 904 1101 966 necessariam.

98 985 280 1052 Voluntaria
305 996 350 1048 εει
368 1006 434 1066 quae
454 986 539 1048 facile
565 986 675 1049 dimitti
695 999 815 1068 potest:
832 989 1017 1062 neccssaria,
1037 1008 1104 1070 quaa

93 1073 233 1155 physice,
254 1074 300 1133 vei
315 1074 466 1133 moraliter
477 1090 538 1133 non
551 1081 648 1151 potest
661 1076 759 1135 avelli,

132 1159 300 1219 Periculum
318 1166 416 1218 autem
435 1158 604 1237 proximum
624 1157 704 1218 aliud
723 1168 767 1219 est
782 1160 927 1232 formate,
946 1159 1027 1221 aliud
1041 1177 1104 1221 nta-

92 1245 208 1307 teriale.
234 1239 372 1304 Farmale
394 1252 438 1302 est
460 1241 561 1312 illud,
589 1242 669 1321 quod
689 1251 734 1302 ast
759 1244 893 1323 proxime
912 1245 1103 1321 conjunctam

93 1348 162 1393 cum
180 1336 318 1408 peceato,
337 1329 426 1388 itaut
445 1324 535 1386 homo
553 1326 632 1387 inco
647 1327 824 1387 constitutus
835 1328 1028 1407 probabiliter
1040 1345 1105 1407 peo

93 1416 171 1477 cabit
185 1458 192 1485 ‚
206 1415 267 1473 sive
282 1414 314 1472 in
331 1420 482 1491 peccatum
494 1412 675 1488 consentiet3
691 1421 722 1472 et
735 1411 792 1473 boc
807 1414 975 1491 perieulum
987 1430 1104 1491 semper

93 1498 249 1560 vitandum
271 1506 326 1557 est.
354 1494 583 1573 intelligendum
607 1504 707 1557 tamen
725 1495 782 1558 boc
801 1498 856 1576 (ut
878 1496 954 1559 benc
976 1498 1104 1558 advertit

96 1582 188 1645 Graia
205 1579 228 1641 l.
242 1582 271 1642 5.
284 1600 317 1641 a.
332 1578 425 1657 abb),
443 1580 466 1638 si
481 1581 647 1658 periculum
667 1582 705 1641 sit
726 1582 901 1654 consensius,
921 1600 983 1643 non
1004 1591 1104 1643 autem

94 1668 235 1747 simplicis
248 1666 433 1741 tentationis,
451 1673 502 1725 aut
519 1674 666 1726 motuum.
681 1664 840 1728 Materiale
861 1666 933 1728 verb
946 1676 992 1726 cst
1003 1665 1077 1727 iliud
1092 1709 1101 1740 ,

94 1753 176 1833 quod
193 1770 261 1812 cum
276 1758 393 1830 peccatu
409 1758 526 1809 nonest
545 1748 680 1827 proxime
692 1749 884 1827 conjonctum
900 1794 908 1823 ‚
922 1752 973 1811 sed
986 1748 1103 1811 tantdm

93 1836 209 1899 remote
220 1880 228 1908 ‚
241 1836 357 1896 ratione
380 1833 558 1895 necessitatis
576 1843 606 1893 ει
623 1833 812 1908 mediorum,
833 1853 900 1912 que
916 1834 1006 1895 bomo
1019 1832 1104 1893 adbi-

92 1925 146 1990 bet
159 1923 196 1983 ad
216 1930 366 2002 peccatum
380 1919 535 1981 vitandum
548 1938 557 1996 3
570 1920 650 1979 unde
669 1929 741 1980 tunc
761 1920 871 1981 accidat
889 1919 970 2000 qadd
992 1920 1104 1981 occasio

93 2010 180 2071 dese
202 2009 241 2068 sit
259 2007 412 2086 proxima,
434 2011 465 2066 et
490 2006 658 2084 periculum
679 2015 856 2066 remotum:
879 2013 970 2083 prout
985 2003 1104 2065 evenire

93 2102 192 2175 potest
210 2093 242 2153 in
264 2091 422 2168 chirurgo,
448 2091 501 2168 qui
524 2090 555 2150 in
576 2090 730 2151 medendis
748 2091 883 2169 partibus
897 2089 1104 2152 secretioribus

94 2178 202 2260 puellae
219 2177 322 2254 utique
335 2183 410 2234 essct
426 2174 458 2233 in
477 2175 627 2235 occasione
648 2176 782 2254 proxima
800 2175 961 2254 peccandi,
981 2174 1034 2234 sed
1055 2191 1104 2232 ra·

93 2263 178 2324 tione
200 2261 399 2334 necessitatis,
428 2266 458 2318 et
474 2258 581 2326 officii,
601 2260 627 2320 si
651 2259 767 2319 debitas
794 2257 932 2318 adhibeat
954 2257 1104 2318 cautiones

93 2348 213 2428 piarum
230 2344 460 2422 cogitationum,
475 2360 624 2428 precum,
653 2342 871 2420 protestationis
891 2342 932 2402 de
954 2359 1015 2402 nou
1033 2359 1105 2402 cau·

92 2429 266 2502 sentienda,
281 2427 357 2488 bend
372 2426 513 2506 poteriti
535 2428 622 2505 auipa
644 2429 795 2505 excusari;
817 2427 887 2506 quia
912 2436 985 2487 tunc
1002 2425 1104 2486 divinat

93 2517 252 2592 adjuvante
268 2511 612 2592 gratit,periculams1t
634 2521 783 2574 remotum
801 2521 832 2573 et
847 2512 1010 2573 materiale.
1031 2509 1104 2574 Vide

96 2601 187 2661 croix
201 2595 221 2658 t.
238 2601 265 2660 d.
281 2617 313 2658 n.
328 2599 397 2657 idi.

133 2688 176 2744 Ex
194 2683 349 2764 premissis
365 2681 491 2742 insertur
504 2699 566 2743 esse
588 2683 621 2744 in
635 2681 785 2743 occasione
795 2680 929 2762 proxima
945 2682 999 2761 qui
1021 2680 1103 2744 domi

92 2770 202 2832 retinet
219 2768 394 2838 mulierem,
410 2785 537 2844 quacum
550 2767 626 2846 saepd
648 2769 789 2848 peccavit.
805 2771 842 2830 Et
859 2765 908 2829 bic
920 2767 1102 2839 notandum,

93 2853 175 2934 qudd
190 2853 293 2930 siquis
310 2868 371 2912 nou
391 2849 479 2910 habet
504 2851 541 2910 ad
564 2870 649 2912 suam
675 2852 898 2930 dispositionem
921 2854 1079 2914 mulierem
1090 2895 1102 2932 ,

93 2957 222 3018 qaaacum
243 2947 361 3016 peccat,
385 2934 437 2996 sed
458 2954 527 2996 cum
560 2936 593 2996 aa
618 2946 720 3016 peccat
743 2955 861 3018 semper
884 2958 918 3000 aa
942 2942 1054 3001 accedit
1071 2940 1103 3002 in

92 3026 175 3086 iliius
202 3023 345 3091 domum,
367 3029 440 3082 tunc
472 3021 542 3081 illuc
571 3023 710 3083 accedere
726 3024 786 3084 erit
807 3026 920 3086 occasio
944 3026 1102 3104 proxima,

92 3108 209 3170 etiamsi
227 3111 317 3168 semel
338 3107 370 3166 in
388 3123 466 3166 anno
480 3106 648 3180 accederet,
665 3116 695 3168 ot
707 3119 850 3186 peccaret.
869 3112 900 3172 2.
915 3111 972 3182 Qui
985 3109 1018 3168 in
1033 3107 1104 3167 ludo

92 3195 266 3270 frequenter
287 3191 399 3250 labitur
411 3192 442 3249 in
455 3189 666 3268 blasphemias,
681 3193 728 3252 vel
744 3193 873 3254 fraudes.
890 3194 920 3252 5.
934 3193 992 3265 Qui
1010 3191 1042 3250 in
1055 3190 1104 3250 ali·

93 3296 153 3356 qua
172 3278 282 3348 domo,
305 3293 453 3352 caupona,
474 3285 526 3335 aut
551 3279 772 3338 conversatione
797 3276 904 3337 incidit
923 3276 954 3334 in
977 3275 1103 3333 ebrieta-

93 3371 156 3422 tem
169 3406 177 3430 ,
191 3362 288 3431 rixas,
301 3361 390 3428 verba
409 3367 461 3418 aut
484 3369 580 3438 gastus
594 3361 726 3422 lascivos.
740 3359 916 3436 Huiusmodi
930 3359 1104 3436 paenitentes

94 3465 157 3509 non
176 3455 246 3506 sunt
263 3443 432 3524 absolvendi
446 3446 641 3526 regularitas,
657 3447 714 3506 nisi
731 3444 814 3523 prids
827 3443 1008 3504 occasionem
1026 3443 1105 3505 desa

93 3531 221 3592 ruerint.
238 3531 349 3590 Pariter
362 3547 422 3589 nan
441 3539 564 3608 pussant
581 3529 694 3589 absolvi
719 3529 782 3599 itti,
798 3528 870 3606 qui,
884 3526 953 3587 licdt
967 3526 1000 3586 in
1022 3545 1104 3588 acca·

72 3645 75 3649 ·
93 3616 176 3676 sione
190 3631 249 3676 non
267 3623 387 3694 peccant
402 3657 410 3688 ‚
425 3613 489 3675 aliis
513 3623 612 3674 tamen
632 3611 802 3675 scandalum
820 3611 1015 3757 praebgntmt
1028 3629 1106 3677 com·¹

825 3745 829 3754 .
884 3699 902 3758 i
926 3739 946 3756 ..
