2450 3975
197 223 272 304 Cap.
287 223 315 284 3.
329 218 375 282 De
389 217 519 282 Euclcr.
534 225 568 281 ut
578 223 622 281 cot
635 217 822 302 eoenfieium.
835 221 914 286 nau
930 225 960 285 l.
984 203 988 216 ¹
1026 223 1084 287 tlt

74 318 160 385 uttet
169 342 203 384 n.
216 323 288 384 eet.
306 319 408 383 Tomb.
419 319 446 400 5.
464 323 495 382 d.
511 337 544 380 n.
562 320 592 380 6.
606 318 709 384 Eecob.
724 317 746 380 l.
757 323 805 382 ll.
818 341 850 381 a.
862 323 931 384 ote.
942 324 1085 385 eumilo·

73 407 185 480 rondo,
200 415 230 468 et
242 407 337 468 Dico
351 407 422 466 item
438 407 525 466 Cone.
536 407 578 467 So
590 449 598 475 ‚
612 411 641 465 et
654 403 730 465 Gall.
746 423 797 486 ap.
812 403 903 467 Salm.
917 405 970 470 loe.
986 407 1035 469 cit.
1049 408 1084 468 in

71 490 127 570 fio.
144 493 181 552 Et
199 491 357 567 probabile
365 497 449 569 putat
457 487 527 552 Pol.
539 507 572 569 p.
582 491 630 551 to.
646 508 678 550 n.
691 491 741 551 li.
757 497 845 568 atque
858 492 942 554 valde
955 492 1084 556 odhaerct

75 579 158 638 Cont.
173 579 291 638 Toum.
305 574 360 638 loc.
372 575 424 636 cit.
437 594 467 636 o.
480 573 583 656 Major
596 582 648 636 cat.
661 575 747 635 Ratio
760 619 767 648 ,
781 575 851 654 quia
868 575 935 637 etim
951 579 989 638 sit
1001 598 1083 640 eom·

72 660 170 720 munis
191 660 347 736 doctrina,
367 669 402 720 ut
424 678 494 722 mox
511 657 599 738 supra
621 658 769 732 vidimus,
789 657 869 738 qudd
889 660 982 734 calix,
996 665 1084 724 amit-

73 743 161 805 tendo
177 745 418 818 inaurationem,
435 764 497 807 non
508 746 625 806 amittat
641 745 908 822 consecrationem
920 745 961 805 ita
973 748 1084 824 pariter

72 831 326 894 consecrationem
348 847 409 891 non
432 830 563 902 amittit,
581 831 605 890 si
622 829 659 888 de
674 846 751 891 novo
772 830 945 904 inauretur,
957 841 1044 910 prout
1058 833 1084 894 si

72 913 197 976 llecloeie
219 925 386 978 consecrete
402 915 440 976 de
451 933 530 976 novo
543 915 713 988 dealbetur,
727 915 804 976 nove
817 933 877 977 non
889 916 1002 997 indiget
1014 937 1086 979 con·

72 1001 260 1078 secretione3
280 1010 316 1062 ut
337 1001 535 1062 communiter
557 1001 622 1060 Dl).
645 1002 798 1077 sentiunt,
818 1009 869 1062 aut
892 1001 917 1061 si
940 1003 1086 1082 corporali

72 1082 170 1146 lacero
190 1085 294 1164 aliqua
313 1087 417 1164 exigna
433 1103 501 1164 pars
520 1084 749 1156 assuatur,haec
772 1087 860 1146 etiam
879 1095 979 1148 manet
995 1089 1086 1148 bane-

72 1167 168 1243 dicta‚
182 1179 220 1231 ut
232 1170 311 1233 elaad
326 1171 454 1230 infertur
467 1187 502 1230 ex
518 1188 544 1230 c.
554 1168 642 1230 unico
653 1167 689 1230 de
700 1187 824 1231 consecr.
833 1169 939 1233 Ecclea.
950 1172 984 1232 in
994 1174 1023 1233 6.
1032 1173 1084 1234 ubi

73 1253 307 1336 diciturzmajds
316 1257 441 1334 dignum
451 1254 568 1316 trahere
577 1257 614 1316 ed
624 1253 760 1316 seminus
770 1255 904 1333 dignum.
915 1256 1083 1334 objiciunt:

71 1339 139 1402 licet
158 1342 238 1402 calix
256 1349 408 1404 remaneat
425 1351 626 1418 consecratus,
651 1359 711 1402 non
733 1350 777 1402 cst
797 1350 896 1402 tamen
922 1354 1087 1406 consecrata

73 1428 245 1502 superficies
268 1428 318 1487 illa
336 1444 443 1498 ouren,
463 1445 530 1504 que
544 1426 606 1487 sole
622 1423 792 1486 immediate
808 1427 901 1504 tangit
913 1428 1087 1506 sanguinem

72 1508 180 1571 Christi
192 1533 202 1589 3
225 1513 289 1592 pari
315 1511 406 1572 modo
433 1511 457 1572 si
485 1513 564 1573 intra
596 1529 723 1590 cuppam
748 1511 843 1572 calicis
867 1511 923 1574 alia
950 1514 1088 1574 subtilior

73 1611 167 1674 cuppa
187 1604 372 1676 poneretur,
390 1597 446 1656 isto
465 1615 526 1658 non
547 1596 634 1657 fieret
652 1615 751 1673 secra3
765 1597 806 1657 ita
824 1597 934 1671 Sene,
950 1608 980 1659 et
995 1599 1087 1678 Vaeq.

74 1678 128 1738 Sed
150 1679 240 1741 facile
257 1679 454 1758 respondetur
476 1699 544 1740 cum
565 1683 648 1760 Lupo
662 1704 673 1740 .·
687 1681 862 1758 Superlieies
881 1682 931 1742 illa
952 1701 1006 1760 per
1017 1701 1088 1744 eon·

72 1760 260 1838 junctionem
280 1765 318 1824 ad
339 1765 458 1824 calicem
481 1773 705 1837 consecratum,
732 1763 808 1824 hene
825 1764 861 1824 fit
880 1766 968 1826 etiam
988 1783 1086 1840 sacra,

76 1845 149 1909 sieut
168 1849 318 1910 dealbatio
330 1849 484 1921 Ecclesiae,
506 1857 537 1908 et
558 1866 627 1927 pers
647 1848 807 1925 corporalis
828 1848 905 1909 fiunt
926 1868 1014 1912 sacrae
1033 1867 1088 1930 per
1187 1917 1193 1926 ,

76 1929 314 2011 adjunctionem,
326 1943 361 1995 ut
378 1933 525 2011 diximus,
541 1933 632 2012 item,
644 1935 669 1994 ei
686 1935 784 1994 oleum
804 1951 865 1995 uon
886 1945 1089 1999 consecratum

77 2016 108 2077 in
127 2020 241 2081 minori
264 2029 349 2098 parte
367 2028 535 2080 consecrato
558 2019 779 2088 immisceatur,
800 2037 837 2080 ex
858 2020 919 2099 ipsa
944 2022 1089 2087 mixtione

78 2114 283 2178 consecratur,
296 2112 330 2165 ut
344 2112 425 2185 patet
437 2122 474 2163 ex
485 2123 510 2164 e.
522 2102 609 2178 Quod
622 2103 656 2164 in
665 2101 764 2165 dubiis
776 2104 804 2164 5.
819 2103 854 2165 dc
870 2123 993 2167 eamear.
1005 2103 1087 2167 Ecol.

77 2188 274 2251 ubidicitur:
287 2191 358 2251 Non
370 2206 528 2270 meantes,
542 2188 618 2269 quio
631 2186 726 2251 oleum
739 2208 800 2251 oon
810 2198 1005 2267 celamentum
1018 2210 1087 2252 con·

78 2283 187 2337 coeto
202 2273 299 2357 possit
312 2271 373 2335 oleo
389 2274 578 2335 commisceri.
591 2275 655 2336 Alia
667 2284 766 2335 autem
784 2283 827 2334 ost
850 2276 926 2335 ratio
940 2292 1041 2353 cuppae
1054 2278 1086 2337 in

79 2357 164 2420 alium
189 2360 346 2434 immisse,
364 2377 431 2438 quae
454 2360 558 2437 utique
579 2367 625 2420 est
645 2378 695 2418 vas
715 2358 908 2432 distinctum,
929 2377 962 2421 aa
982 2378 1086 2439 super·

80 2439 152 2503 liciei
174 2462 291 2519 auree,
310 2457 382 2522 quae'
400 2443 436 2503 lit
462 2460 530 2522 pars
557 2441 690 2520 ejusdem
713 2443 827 2517 calicis,
850 2451 880 2503 ct
901 2444 971 2505 lacit
991 2462 1086 2505 unum

80 2530 225 2590 camillo.

115 2614 262 2676 Omnibus
273 2621 372 2673 tamen
384 2612 431 2673 his
444 2612 590 2692 praedictis
602 2631 663 2673 non
683 2614 881 2687 obstantibm,
895 2610 964 2674 ciam
980 2614 1086 2677 melids

80 2712 141 2757 rem
162 2700 394 2778 perpenderem,
413 2698 545 2775 judicavi
564 2698 645 2776 qudd
668 2700 743 2759 novd
765 2699 883 2777 perectd
901 2698 1086 2764 inauratione

81 2784 194 2856 calicis,
214 2783 314 2845 denuo
329 2785 392 2862 ipse
404 2791 449 2843 est
460 2783 695 2861 consecrandus3
710 2784 802 2855 ratio,
816 2783 883 2861 quia
904 2792 973 2843 tunc
985 2802 1086 2865 super-

81 2866 158 2929 liciae
171 2868 283 2940 calicis,
304 2888 371 2947 quae
394 2868 600 2929 immediatum
621 2875 787 2928 contactum
812 2866 900 2929 habet
932 2872 1084 2949 sanguinis

80 2949 204 3024 Christi,
228 2954 293 3013 sine
316 2954 532 3013 consecratione
553 2958 708 3030 remanet;
725 2953 808 3015 tantd
830 2954 922 3031 magis
934 2953 1014 3031 qodd
1027 3000 1035 3028 ,
1050 2965 1085 3017 ut

82 3042 225 3097 testantur
245 3035 372 3098 Borbos.
381 3082 392 3115 ,
410 3045 439 3098 et
454 3034 511 3098 olii
522 3036 667 3119 plorimi,
682 3040 747 3099 telis
760 3048 803 3098 est
819 3040 917 3117 praxis
930 3040 1082 3117 Ecclesiae,

82 3128 109 3180 et
122 3131 237 3201 recepta
253 3122 443 3183 consuetudo·
455 3123 559 3184 culices
577 3122 675 3183 denuit
687 3124 892 3195 consecrandi,
903 3120 971 3182 cium
986 3122 1083 3186 denud

82 3201 266 3267 inaurentur.
289 3208 362 3266 Casu
385 3214 485 3266 autem
507 3225 567 3284 quo
595 3226 651 3286 per
679 3208 802 3285 longum
827 3225 913 3267 usum
937 3206 1084 3267 inauratio

82 3286 274 3368 dependatur,
288 3300 361 3369 puto
379 3291 562 3369 probabilius
580 3291 738 3352 dicendum
760 3310 828 3351 cnm
843 3286 955 3361 Siluio,
969 3297 999 3348 et
1014 3292 1084 3349 Fer·

82 3376 176 3447 rorte,
198 3393 259 3434 non
282 3376 394 3455 requiri
417 3394 524 3436 novam
544 3377 792 3459 consecrationem
815 3374 852 3433 ud
877 3372 1084 3437 celebrandum

83 3476 147 3521 cum
172 3459 345 3538 hujusmodi
377 3462 486 3538 calice3
505 3464 573 3540 quia
593 3472 666 3521 tuno
685 3464 764 3539 viget
787 3459 883 3529 ratio,
905 3456 986 3537 quod
1009 3462 1084 3525 calix

82 3548 169 3607 semel
184 3556 370 3607 consecratus
382 3584 393 3619 ,
405 3554 484 3607 totus
505 3546 612 3607 deinde
628 3564 681 3627 per
694 3544 816 3605 modum
829 3543 917 3603 unius
934 3561 1085 3606 conseera-

84 3628 374 3693 tusrcmanet.Ci1m
389 3630 463 3694 vero
481 3647 556 3693 nova
575 3630 610 3691 fit
630 3630 791 3705 inaurato,
805 3628 964 3689 interuenit
978 3646 1083 3690 auarum
