2450 3975
81 278 89 292 ι
134 205 191 266 tls
364 200 429 265 lib.
440 203 470 261 6.
486 203 584 263 Tract.
599 202 629 263 ὅ.
644 201 690 263 De
702 198 902 263 Euciaaristia.

132 310 161 363 et
174 300 232 365 aiii
242 303 449 381 communitam
458 302 514 365 hoc
522 304 603 366 enim
612 302 747 382 expressi
758 313 877 365 cautum
889 312 933 365 est
941 306 973 366 in
983 326 1006 367 c.
1018 309 1140 381 oannis,

132 388 220 467 supri
235 390 333 451 allato.

170 476 285 553 Negant
298 482 400 536 autem
418 463 552 535 auctores
570 472 661 551 hujus
675 474 828 535 sententiaa
846 472 946 537 adessa
960 474 1017 537 lroc
1033 476 1142 555 duplex

132 565 332 638 preceptum,
357 574 464 638 nempe
484 556 723 621 communicandi
747 558 779 619 in
801 574 902 631 anno,
924 566 955 621 et
975 562 1143 623 eommuni-

131 642 217 703 candi
240 644 274 705 iu
294 641 453 704 Pusehatez
474 642 525 703 sod
546 642 668 703 unicum
693 641 811 703 tantiam
835 651 1017 722 pracceptum
1040 644 1144 707 dieunt

132 724 611 807 Ecclesiamimposuisse,allixum
619 728 748 806 tempori
760 724 972 806 paschali‚quo
982 736 1144 803 transacto,

132 812 215 873 nulla
227 819 360 875 remanet
374 812 514 901 obligatio
526 812 777 874 communicandi.
792 814 907 893 Negant
922 814 1032 893 pariter
1044 821 1144 875 catam

133 909 312 978 praeceptum
323 897 459 958 divinum
473 896 712 959 communicandi
727 897 819 959 semel
836 898 868 958 in
881 914 958 959 anno
971 920 980 975 3
993 917 1063 961 nam
1076 898 1144 961 licta

133 982 208 1043 adsit
216 982 355 1059 obligatio
364 981 604 1043 communicandi
618 982 1143 1061 sapiusinuita,preceptumtamen

133 1066 369 1128 communicandi
379 1067 471 1127 semel
482 1068 514 1127 in
526 1083 605 1127 anno
614 1064 718 1128 dicunt
732 1083 795 1128 csse
808 1065 889 1127 merc
899 1068 1142 1145 ecclesiasticum

133 1168 193 1211 non
209 1150 292 1213 sectis
308 1170 342 1213 ac
360 1161 542 1233 preceptum
555 1150 662 1231 sepitis
674 1152 789 1217 colendi
803 1155 899 1227 Deum
914 1158 958 1213 est
974 1153 1095 1232 quidem
1106 1154 1143 1213 dc

130 1233 198 1312 jure
216 1238 305 1297 ctiam
322 1237 444 1309 divino,
465 1238 517 1298 scd
536 1237 677 1315 obligatio
699 1238 839 1299 audiendi
862 1238 980 1299 missam
1002 1240 1143 1299 inllomi·

131 1321 218 1395 nica,
237 1330 328 1403 prout
349 1323 528 1402 prescripsit
539 1324 687 1397 Ecclesia,
706 1332 751 1384 est
770 1320 887 1385 uncum
908 1323 946 1383 da
963 1320 1032 1399 jure
1050 1323 1144 1384 cccle-

132 1406 265 1480 siastico‚
279 1416 314 1467 ut
328 1407 391 1469 iusd
404 1416 527 1469 tuentur
539 1408 659 1486 ipsimet
670 1406 762 1470 Solen.
778 1404 814 1467 de
834 1408 864 1467 5.
876 1423 965 1488 preca.
984 1425 1009 1466 e.
1023 1408 1050 1467 l.
1063 1424 1097 1487 p.
1110 1410 1142 1469 4.

131 1509 163 1552 n.
180 1493 229 1553 58.
241 1511 308 1553 aum
323 1494 408 1564 Sota,
428 1492 520 1572 Cajet.
532 1493 681 1553 &Autem
691 1494 781 1566 Aaou,
792 1492 872 1553 Nou.
885 1494 971 1553 Suae.
982 1488 1051 1552 Pol.
1062 1494 1141 1553 Bou.

131 1584 161 1637 et
175 1573 248 1636 aliis
263 1574 512 1650 communissima),
529 1594 565 1635 cx
577 1578 619 1636 D.
635 1575 738 1638 Tuom.
750 1578 779 1637 2.
790 1578 818 1636 2.
830 1592 860 1655 q.
870 1578 936 1637 lua.
948 1582 1008 1635 ort.
1018 1577 1047 1638 t.
1060 1574 1102 1637 aa
1111 1580 1142 1639 i.

132 1661 183 1722 ubi
201 1661 264 1722 ait:
279 1659 445 1722 Dicendum
459 1658 540 1741 quod
554 1659 742 1723 obcaecatio
760 1658 820 1721 diei
831 1658 994 1721 Doudut'cae
1013 1662 1047 1721 in
1065 1678 1144 1722 noce

132 1743 191 1825 iope
199 1742 525 1809 mueditobservaotioe
534 1743 657 1818 Sublati
662 1764 746 1823 ‚mou
758 1763 794 1807 ec
803 1744 836 1806 ui
844 1763 922 1827 prm
959 1743 983 1803 ti
993 1742 1145 1825 tapis‚scd

131 1848 169 1889 aa
185 1828 392 1892 constitutione
407 1828 559 1906 Ecclesia,
576 1837 605 1891 ct
622 1827 830 1893 consuetudine
847 1826 953 1909 popei
973 1826 1142 1890 christiani.

136 1912 208 1975 Vide
220 1912 283 1974 aleia
295 1912 375 1974 dictu
385 1912 407 1974 l.
416 1916 447 1974 i.
455 1932 487 1975 a.
495 1916 564 1977 265.
573 1916 661 1994 Apud
670 1915 729 1976 ΑΑ.
742 1914 877 1975 secundae
887 1912 1039 1975 sententiae
1050 1915 1144 1975 nemi·

131 2016 200 2058 nem
224 1999 343 2076 reperi,
367 1996 513 2076 quilinio
542 2000 661 2079 paritati
688 1997 839 2078 adequati
861 1997 1040 2078 respondem
1062 1999 1144 2062 unde

131 2080 206 2142 hano
226 2082 345 2144 tertiam
368 2085 545 2144 sententiam
566 2101 627 2144 non
653 2084 900 2144 contemnendam
921 2090 1015 2162 puto,
1038 2082 1144 2144 saltem

131 2166 200 2246 quia
218 2184 255 2228 cx
273 2174 379 2229 neutro
399 2179 562 2246 praecepto,
579 2169 683 2230 divino
695 2187 728 2230 ac
739 2168 931 2230 eeclesiastico
950 2173 1066 2228 constat
1080 2165 1145 2230 hacc

131 2251 270 2332 obligatio
278 2252 514 2314 communicandi
525 2261 671 2315 transacto
682 2262 815 2333 tempore
824 2251 1033 2330 paschalilloc
1042 2261 1143 2316 tamen

131 2354 192 2399 nou
211 2337 365 2410 obstante,
384 2337 454 2397 nolo
469 2338 606 2399 recedere
626 2337 754 2419 aprima
771 2338 926 2399 sententia.
1006 2339 1010 2349 “

169 2422 247 2482 Dicit
265 2430 365 2483 autem
390 2421 491 2484 Tomi.
509 2442 543 2484 u.
555 2424 605 2484 58.
619 2441 687 2484 cum
703 2423 824 2499 Diana,
842 2421 965 2501 quodsi
984 2421 1051 2500 quis
1065 2439 1144 2484 com

131 2507 325 2572 municavorit
337 2515 406 2568 ante
419 2513 536 2586 tempus
551 2506 707 2586 paschale,
720 2508 884 2586 praevidens
896 2506 1144 2585 impedimentum

131 2591 366 2653 communicandi
384 2591 417 2654 in
427 2590 582 2666 paschate,
594 2610 663 2652 cum
675 2591 839 2654 intentione
856 2590 1050 2652 satisfaciendi
1064 2609 1144 2671 prac-

130 2684 215 2754 cepto
236 2676 316 2741 illius
339 2677 432 2750 anni,
452 2676 548 2738 adhuc
571 2685 702 2738 omsante
727 2685 826 2754 postea
848 2676 1060 2753 impedimento
1079 2693 1142 2739 nou

21 2770 26 2777 '
132 2766 249 2818 tonatur
268 2761 300 2819 in
321 2760 459 2822 paschate
479 2763 708 2823 communicare.
723 2761 780 2822 Sed
792 2759 848 2822 hoe
861 2759 940 2822 recte
957 2777 1017 2821 non
1033 2759 1144 2820 admit·

131 2849 198 2902 tunt
219 2842 301 2922 Lupo
322 2842 354 2903 d.
379 2847 426 2904 lt.
447 2864 532 2906 num.
554 2850 602 2908 77.
620 2843 735 2908 Pulsus
752 2866 784 2928 p.
800 2848 848 2908 to.
869 2847 974 2912 auid.
992 2841 1085 2906 Saloe.
1105 2843 1143 2907 de

130 2922 226 2987 Euola.
238 2944 263 2985 c.
278 2926 309 2986 8.
326 2945 357 3008 ρ.
372 2929 402 2987 2.
415 2948 448 2989 u.
460 2932 509 2990 ᾗ.
524 2930 558 2990 iu
569 2929 626 3009 fin.
641 2939 670 2992 et
684 2930 812 2992 Aietoios
827 2950 852 2990 c.
865 2933 894 2991 2.
906 2947 936 3010 q.
948 2933 977 2989 l.
988 2947 1016 2988 r.
1027 2929 1057 2988 2.
1069 2929 1143 3008 quia

130 3011 255 3073 intentio
274 3028 335 3070 non
358 3021 455 3090 potest
474 3014 608 3092 efficere,
632 3024 666 3076 ut
685 3025 767 3076 actus
789 3017 901 3095 positus
925 3025 1059 3094 tempora
1080 3031 1144 3093 quo

130 3096 263 3159 nondum
282 3099 405 3174 coeporit
423 3098 584 3178 obligatio,
599 3102 638 3162 sit
656 3101 864 3164 satisfaciemus
877 3123 886 3161 z
901 3102 977 3162 sicut
991 3101 1044 3178 qui
1061 3117 1142 3178 prae·

129 3182 210 3242 videt
228 3180 277 3242 dic
294 3179 485 3244 dominicose
498 3185 675 3264 impeditum
693 3186 777 3264 sore,
792 3185 940 3246 audiendo
959 3185 1078 3246 mnsam
1091 3183 1143 3246 dic
1222 3221 1223 3226 .

130 3266 304 3344 praecedenti
327 3284 365 3328 cx
387 3267 552 3330 intentione
574 3270 771 3331 satisfaciendi
791 3271 925 3332 crastinae
947 3267 1142 3348 obligationi,

130 3350 209 3409 certe
230 3369 291 3411 non
313 3353 462 3415 satisfacit.
486 3354 520 3415 ld
544 3355 738 3415 confirmatur
762 3373 799 3416 cx
820 3355 929 3416 Rituali
949 3355 1084 3414 Romano
1105 3351 1143 3416 de

129 3428 224 3486 auco.
238 3433 290 3490 ubi
305 3435 347 3493 sic
365 3436 496 3500 dicitius
515 3439 647 3518 AEprotis
662 3454 777 3519 quoque
788 3435 1009 3519 parochialibus
1021 3436 1146 3502 ctiaoast‘
1222 3499 1223 3504 ,

130 3511 362 3574 communionem
382 3527 469 3579 extro
477 3520 667 3602 prescriptos
686 3519 840 3600 paschales
859 3520 919 3584 dies
939 3519 1140 3602 sumpserint,

49 3622 54 3628 .
131 3579 164 3637 iu
182 3585 367 3656 paschalibus
383 3598 483 3662 dutus
504 3601 589 3664 ilum
606 3603 753 3680 parochus
772 3604 882 3686 deseret
893 3624 928 3668 aa
943 3603 1142 3674 inluminabit.
