2450 3975
268 214 340 295 Cap.
355 181 387 271 t,
399 210 440 272 Da
453 217 557 273 essent.
574 187 664 294 liuius
674 229 800 274 sarram.
817 193 895 277 Dub.
910 217 940 282 t.
1057 201 1115 280 ili)

102 342 119 375 a
143 320 248 380 Forma
267 326 365 376 nantem
382 313 469 376 Clem.
484 306 572 375 tur.
592 315 628 374 tit
642 312 731 376 tradit
748 319 807 390 Sd,
821 311 852 378 e't
870 311 988 378 lliluale
1005 315 1112 383 lloma·

102 429 117 459 n
141 423 235 474 nam,
252 401 296 462 est
314 399 378 462 haee
393 421 401 459 ε
415 401 473 478 qni
487 408 520 459 ut
535 413 638 460 omnes
653 394 794 472 uttn'tur,
811 401 914 462 suadet
932 401 1049 465 Paulus
1075 405 1110 467 V.

104 515 118 544 ι
144 488 268 566 ideisque
279 486 417 547 omnibus
431 484 556 544 tenenda
567 486 739 544 memoriter
754 506 761 545 ι
775 482 955 547 Misereatnr
967 490 1012 548 tui
1022 489 1113 550 omni·

103 599 117 628 ι
137 581 242 654 potens
260 559 360 641 beas,
375 575 405 629 ‘et
417 566 547 628 dimissis
562 567 689 648 peoedtis
707 570 767 630 luis
777 614 787 647 ,
802 569 946 650 perduint
964 579 990 632 n
1010 571 1050 634 od
1063 571 1113 651 ‚oi-

102 682 117 710 ι
143 666 205 717 tum
222 663 379 729 uternam,
393 653 486 712 Anien
497 675 506 710 .·
518 650 625 713 deinde
644 653 755 712 elevati
769 671 859 714 manu
877 657 994 734 pergit:
1009 653 1113 718 {ridul-

105 767 119 796 ι
142 740 295 823 peruiam,
316 733 547 808 absolutum,
564 745 593 796 et
616 736 816 820 remissionom
843 747 1029 818 pereatormn
1048 749 1113 802 tno·

74 880 82 892 „
102 852 117 880 a
141 843 209 885 rum
241 822 354 884 trainae
386 821 442 883 tabi
472 820 655 902 omnipotens
686 815 715 882 tt
734 819 910 884 -misetieots
938 824 1087 886 Dominus
1098 871 1108 902 ,

101 937 115 965 ι
138 908 241 971 Anien.
260 904 408 968 Dominus
420 909 617 967 nosterJesus
637 901 770 968 tartarus
791 913 817 967 to
841 905 994 985 absoluat,
1014 918 1043 970 et
1061 927 1111 991 epo

73 1066 83 1080 .
102 1021 117 1050 a
142 994 316 1056 auctoritate
336 991 431 1072 ipsius
446 999 472 1051 te
490 989 608 1053 absolon
628 984 664 1052 ab
680 1003 761 1052 omne
778 991 896 1052 uinculo
912 994 1111 1054 exeommuni-

100 1107 116 1138 ι
140 1077 286 1160 rationis,
299 1074 501 1157 suspensionis
514 1076 591 1155 (quae
612 1092 671 1136 vox
689 1077 765 1136 eirea
778 1075 866 1136 laicos
884 1078 1064 1158 omittitur),
1083 1083 1113 1138 et

100 1192 115 1223 ι
140 1161 309 1235 interdicti,
322 1163 516 1240 inquantum
531 1175 667 1241 possum,
683 1167 713 1220 et
731 1167 765 1220 tu
794 1159 929 1242 indr'pes:
946 1161 1049 1223 deinde
1060 1176 1110 1243 epo

100 1279 115 1309 ι
142 1260 168 1312 te
182 1245 299 1311 absolvo
313 1250 334 1308 d
350 1247 475 1328 pereatis
499 1247 577 1321 tm'a,
595 1245 630 1306 in
651 1245 771 1306 nomine
794 1244 916 1319 Patris,
929 1255 958 1307 et
974 1243 1067 1321 Filii,
1083 1255 1113 1308 et

100 1363 115 1392 a
139 1332 271 1416 Spiritus
287 1329 398 1406 soracti,
413 1331 516 1390 Amen.
528 1329 636 1391 Passio
657 1321 781 1390 Domini
790 1329 887 1390 nostri
896 1327 968 1392 iesu
980 1331 1092 1392 Christi
1101 1376 1109 1397 .

101 1447 115 1476 ι
139 1417 245 1479 reuerita
257 1417 296 1476 B.
316 1414 449 1496 Virpinis
459 1461 469 1492 ,
487 1423 517 1476 et
535 1416 667 1476 omniurn
682 1413 876 1486 Sanctorum,
890 1413 1035 1495 quidquid
1043 1413 1112 1476 boni

100 1531 114 1562 ι
139 1503 244 1586 seceris
259 1505 290 1560 et
308 1497 384 1560 mali
404 1499 600 1573 sustinueris,
618 1499 659 1560 sit
673 1497 728 1561 tibi
746 1498 994 1561 inremissionem
1015 1517 1113 1581 pereo·

100 1616 114 1649 υ
140 1582 862 1666 torum,arrpnrentnmpratiae,itprreminmnitoe
872 1586 1110 1647 euramnmen.

139 1675 257 1750 42⁶³·
267 1669 372 1749 daturi
385 1667 422 1728 do
446 1667 502 1726 bon
520 1668 702 1748 poenitentioe
717 1679 898 1728 sacramanto
910 1713 917 1739 ,
930 1669 1009 1746 quod
1025 1669 1112 1728 chria

84 1757 161 1821 ‘stus
179 1755 324 1817 Dominus
341 1751 379 1812 ad
399 1749 537 1812 humanm
555 1745 766 1812 imbecillitatis
778 1751 945 1812 remedium
963 1753 1108 1827 instituit,

98 1848 169 1908 unte
188 1838 289 1902 omnia
310 1839 460 1897 monitum
480 1837 571 1896 'velim
595 1835 822 1911 confessarium,
835 1845 870 1897 ut
891 1845 957 1897 suas
974 1831 1109 1916 agnoscat

99 1937 216 2012 partes,
236 1938 345 2002 nempe
359 1921 490 2000 judicis,
515 1923 626 2001 patris,
648 1919 678 1982 el
696 1923 821 1995 medici,
839 1921 875 1982 ad
889 1934 997 1982 munus
1021 1931 1109 1982 sutnn

97 2031 183 2091 mqua
201 2011 284 2071 lanea
296 2007 492 2068 exercendum
502 2028 511 2082 ς
522 2009 598 2068 sieut
610 2010 691 2069 enim
712 2009 804 2069 nimia
822 2008 986 2087 benignitas
998 2009 1109 2088 iniqui·

97 2108 194 2159 tntum
214 2096 379 2155 fomentum
394 2088 457 2162 esi,
474 2094 517 2152 sic
535 2094 627 2153 nimia
643 2092 781 2154 aeneidas
796 2090 831 2154 fi't
850 2092 987 2171 pluribus
1004 2096 1051 2154 via
1071 2094 1108 2154 ad

96 2180 342 2258 desperationem.
369 2176 445 2237 Hine
473 2176 608 2238 Christus
629 2180 773 2240 Dominus
790 2176 951 2239 ‘declararit
966 2194 1027 2240 uon
1047 2180 1109 2239 absa

96 2266 221 2345 spiritus
244 2262 291 2323 sui
310 2278 381 2335 eos,
398 2263 450 2342 qai
472 2263 562 2322 nimis
583 2257 680 2341 rigidi
692 2270 763 2323 vaum
781 2260 983 2341 peccatoribus
1005 2272 1107 2340 agarna

96 2354 135 2415 iit
149 2348 201 2410 SS.
220 2346 318 2427 patres
343 2365 404 2407 non
424 2340 522 2408 solim
547 2346 694 2407 invehant
713 2346 746 2407 in
768 2347 889 2426 eosqui
912 2343 982 2407 ialal
1001 2348 1109 2425 pietate

96 2436 181 2497 ducti
203 2430 336 2494 indebiti
356 2433 559 2510 peecatoribus
575 2432 751 2510 indulgent,
765 2431 818 2492 'sed
830 2434 921 2493 etiam
937 2433 971 2494 in
990 2438 1040 2493 eoi
1057 2436 1107 2512 qui

98 2519 290 2583 indiscretum
303 2515 433 2593 rigorem
451 2533 520 2577 eum
540 2517 751 2596 paenitentibus
763 2514 924 2589 'adhibeam
937 2526 972 2577 ut
985 2524 1110 2595 nonque·

97 2608 177 2668 nitur
197 2605 230 2665 S.
251 2599 422 2665 Ambrosius
446 2604 479 2663 in
505 2597 629 2665 Psalmo
650 2604 719 2663 tis.
746 2602 879 2662 diceus:
908 2600 988 2663 Sunt
1019 2602 1109 2665 etiam

95 2690 132 2752 in
148 2685 250 2761 nobis,
269 2686 325 2770 qui
351 2687 486 2748 timorem
503 2687 630 2748 Domini
646 2684 775 2760 babent,
791 2684 844 2747 ¹sed
863 2698 924 2746 non
947 2685 1108 2748 secundine

93 2771 1107 2854 seientiam,statuentesdurioroproecopta‚qurenonpossitbumann

94 2856 224 2923 conditio
233 2855 384 2918 sustinere.
393 2855 456 2930 Qua
467 2858 505 2917 de
513 2860 700 2938 resapienter
708 2857 1106 2923 advertiiS.Bonooentura.·

96 2940 235 3007 Cavenda
253 2945 296 3001 est
315 2939 492 3001 eonscientio
510 2940 602 3003 nimis
625 2940 732 3023 torpa,
748 2948 776 3003 et
794 2940 886 3003 nimis
901 2944 1023 3023 striota;
1035 2946 1108 3005 non't

93 3027 197 3113 primo
207 3034 331 3110 penerat
343 3022 605 3107 proesrnnp'tionem
619 3073 627 3102 ‚
643 3026 771 3089 seeundo
781 3026 1030 3109 desparati'onen25
1043 3028 1109 3108 pri·

96 3133 149 3176 arra
159 3114 237 3193 saepi
248 3109 348 3173 soluat
361 3110 585 3184 danrnandum,
600 3112 728 3175 serrendo
740 3116 841 3175 cantui
852 3112 978 3175 riamnot
987 3110 1108 3174 solvon-

95 3198 179 3259 dnm.
192 3195 256 3257 itud
280 3194 433 3255 Honorius
446 3197 510 3256 m.
526 3196 558 3256 in
580 3216 605 3258 a.
624 3200 673 3257 Eu
690 3204 774 3278 porte
792 3196 826 3258 do
853 3204 996 3258 transeat.
1011 3196 1105 3270 dixit,

96 3280 210 3343 caeteris
229 3279 350 3359 paribus
362 3314 372 3350 -,
385 3282 479 3357 magis
492 3281 694 3342 inclinandum
708 3282 740 3341 in
758 3282 847 3341 rebus
860 3280 959 3340 dubiis
970 3280 1007 3339 aa
1023 3278 1106 3342 beni-

96 3367 259 3447 gnitatem,
272 3362 362 3442 quim
374 3362 411 3423 ad
429 3366 558 3443 rigorem
569 3387 578 3442 3
591 3366 660 3427 eiam
673 3366 754 3426 enirn
770 3364 811 3424 ibi
824 3371 961 3441 ageretur
971 3363 1008 3423 de
1017 3366 1105 3427 modo

119 3448 276 3511 ronedendi
300 3442 400 3507 eontra
424 3448 586 3527 quosdam,
610 3466 739 3528 quorum
757 3446 848 3525 aliqui
869 3446 1055 3508 celebrabant
1073 3449 1106 3510 in

97 3468 232 3596 linclmiis
252 3531 434 3603 interdictis,
449 3533 500 3591 alii
513 3532 623 3593 furtivi
641 3531 736 3591 Sacris
750 3528 965 3601 initiabantur,
984 3540 1040 3591 eta.
1065 3533 1107 3592 sio

96 3617 199 3698 lnquit
211 3634 222 3677 t
234 3618 274 3679 ln
286 3615 333 3678 lu‘s
347 3614 648 3697 numinenumine
659 3612 714 3696 jus
729 3626 794 3675 'nnn
817 3609 968 3675 invenitur
987 3628 1105 3697 eaprot-
