2450 3975
207 175 279 253 Cop.
294 172 324 231 9.
337 168 381 231 De
391 166 517 251 subjecto
533 167 741 235 Eucharistiae.
754 170 834 233 Dub.
850 136 882 233 9.
895 174 961 233 Art.
975 173 1004 234 l.
1074 174 1113 234 79

100 280 203 339 lerant
217 272 436 353 supernaturali
451 271 554 333 dolare
572 271 720 353 dispositis
730 316 738 346 ,
750 282 781 335 et
792 273 905 337 obicem
919 291 980 337 aon
999 290 1111 354 66666-

100 364 194 423 tibus.
212 358 301 439 (Vide
321 356 399 419 dicta
417 357 451 417 in
469 356 521 418 boc
541 354 563 418 l.
580 360 609 419 6.
627 377 660 418 6.
682 358 727 436 6.)

141 447 269 507 Eilectus'
290 446 329 504 ll.
353 442 541 503 Eucharistioe
562 449 607 505 est
628 444 781 504 remittere
802 443 948 517 venialia,
970 452 1004 505 ut
1027 445 1111 507 docet

99 538 134 597 Sc
154 531 209 595 Tb.
219 549 250 613 p.
264 531 293 589 5.
306 546 336 608 6.
349 530 398 589 79.
412 537 470 591 nrt.
482 530 512 587 b.
526 546 595 588 cum
604 529 753 589 communi
765 546 799 588 ox
812 526 894 589 Trid.
905 547 973 590 sess.
984 532 1032 591 to.
1042 551 1068 592 c.
1079 535 1109 593 9.

100 618 155 679 ubi
171 618 298 687 dicitur,
310 614 368 675 boc
381 623 594 677 sacramentum
608 631 670 673 esse
685 612 869 688 antidotum,
884 630 942 693 quo
955 612 1113 679 liberamur

98 708 120 766 d
141 700 235 784 culpis
250 696 452 779 quotidianis,
470 706 497 758 et
517 700 536 759 d
553 697 680 779 pcccatis
699 695 874 760 mortalibus
884 717 1110 779 proescroomur.

96 792 138 851 Et
154 789 259 849 dieunt
276 780 372 845 Salm.
386 782 420 843 de
432 782 527 844 Eucb.
550 803 576 844 c.
596 786 628 844 6.
646 803 680 864 6.
697 786 728 843 9.
751 802 783 843 6.
804 784 853 843 95.
872 803 940 844 rum
951 786 984 845 S.
1006 784 1061 846 Tb.
1079 785 1111 847 d.

97 883 160 936 art.
178 876 211 933 t.
230 868 302 933 Pol.
318 874 396 931 Bon.
414 871 485 929 Con.
500 868 638 951 dornejo,
653 870 766 931 remitti
785 870 910 931 venialia
928 870 1031 949 (modd
1052 888 1112 931 non

96 960 245 1020 habeatur
264 957 302 1016 dc
325 955 368 1015 eis
389 954 610 1032 complacentia)
629 972 666 1014 ex
684 955 713 1014 vi
732 952 820 1031 hujus
837 956 1031 1027 sacramenti,
1052 973 1112 1017 666

97 1043 198 1107 saltim
211 1042 361 1103 mediante
374 1049 440 1101 actu
452 1039 621 1117 charitatis,
639 1058 729 1119 quem
742 1038 798 1101 boc
808 1048 1022 1101 sacramentum
1034 1042 1112 1103 exci-

96 1138 161 1207 tat,
181 1126 289 1189 renim
309 1126 398 1185 etiam
418 1123 588 1187 immediati
605 1142 642 1185 en
662 1142 752 1202 opere
772 1134 893 1203 operato
916 1143 969 1205 per
989 1127 1113 1188 inlusio·

95 1234 169 1277 uem
183 1214 286 1295 gratim
297 1211 472 1284 nutrientis,
481 1217 519 1271 et
534 1211 727 1271 restaurantis
738 1210 861 1283 damna,
878 1230 945 1289 qum
959 1229 995 1271 ex
1012 1212 1112 1272 renia-

95 1302 177 1364 libus
191 1300 279 1361 nobis
297 1305 474 1373 6666666666.
487 1297 545 1357 Pro
557 1294 611 1355 hac
621 1296 765 1355 sententia
782 1292 877 1354 Salus.
894 1296 984 1355 citant
1000 1296 1042 1355 D.
1056 1295 1110 1357 Tb.

96 1390 128 1448 5.
146 1404 178 1467 6.
197 1403 227 1463 6.
243 1384 294 1443 79.
312 1390 372 1442 ort.
390 1384 419 1441 l.
429 1424 437 1451 ,
448 1380 499 1441 sed
513 1398 573 1441 non
587 1378 684 1450 bend,
699 1398 768 1439 nam
781 1380 823 1439 ibi
833 1382 862 1440 S.
875 1380 984 1441 Ductor
996 1380 1038 1441 sic
1048 1382 1108 1440 ait:

94 1475 156 1535 lica
169 1476 269 1530 autem
285 1467 360 1545 (scii.
382 1464 514 1544 effectus)
531 1464 711 1525 sacramenti
723 1472 766 1525 est
783 1463 930 1542 ebaritas,
945 1463 1113 1527 roncalina

95 1561 248 1637 quantum
270 1550 311 1613 ad
329 1550 484 1623 barbitum,
508 1548 558 1611 sed
578 1552 668 1611 etiam
688 1558 835 1629 quantum
856 1550 898 1612 ad
919 1560 1035 1625 octum,
1058 1553 1113 1631 qui

94 1640 246 1703 annitatur
263 1638 298 1697 in
312 1636 370 1698 boc
383 1642 566 1697 sacramento
575 1679 585 1711 ‚
599 1654 652 1716 por
670 1652 756 1714 quem
772 1645 890 1717 peccata
906 1637 1036 1698 venialia
1053 1634 1117 1699 sol·.

92 1734 220 1786 seruatur.
230 1722 316 1785 Unde
329 1720 608 1783 meliusadditCont.
622 1724 734 1781 Toum.
745 1738 810 1799 cop.
821 1724 851 1781 8.
861 1718 951 1781 cousl.
960 1724 1027 1781 5.6.
1041 1720 1114 1781 Trio

94 1809 144 1871 luia
155 1806 351 1877 annotando,
365 1806 420 1867 hoo
435 1813 649 1865 sacramentum
664 1823 725 1863 666
741 1804 922 1881 immediati,
933 1805 984 1868 sed
996 1805 1111 1869 tantaim

94 1892 226 1955 mediate
245 1910 300 1971 per
312 1897 409 1951 actum
429 1888 748 1951 chamtatisremittcrc
762 1890 898 1949 venialia.

136 1977 265 2039 Elicctus
281 1978 335 2037 ill.
349 1981 393 2036 cst
405 1991 584 2054 preservare
596 1972 613 2034 i
628 1974 804 2036 mortalibus
815 1993 869 2054 per
888 1977 1030 2040 auxilium
1043 1997 1110 2056 gra-

93 2064 145 2126 tias
165 2062 408 2133 sacramentalis,
430 2060 493 2138 quas
512 2060 655 2120 excitetur
677 2058 816 2133 devotio,
838 2061 943 2122 sortitis
965 2064 1111 2124 resistitur

93 2147 323 2218 tentationibus,
332 2146 471 2222 sugantur
481 2143 640 2215 demones,
648 2150 704 2204 stc.
716 2153 752 2205 ut
761 2145 846 2205 docet
854 2147 886 2206 S.
898 2145 1038 2227 cyrillus.
1047 2146 1110 2208 imai
1139 2148 1145 2156 ’

94 2240 232 2294 asserunt
240 2227 336 2293 Sulm.
346 2229 381 2292 de
389 2227 485 2290 Euat.
497 2248 522 2289 o.
532 2231 562 2288 6.
569 2248 601 2311 6.
613 2233 642 2290 9.
652 2249 685 2290 6.
694 2232 742 2290 56.
752 2247 818 2292 cnm
828 2233 989 2293 Montcsin.
998 2233 1109 2292 Eucha-

94 2320 212 2380 ristiam
229 2317 365 2378 conlerra
380 2315 511 2377 divinam
526 2315 614 2374 etiam
633 2322 784 2375 externam
801 2317 1034 2393 protectionem,
1053 2319 1109 2397 qui

95 2407 176 2464 licus
198 2419 260 2463 666
283 2400 454 2478 permittet,
477 2405 512 2458 ut
529 2398 620 2460 bomo
639 2408 772 2459 versetur
789 2400 821 2460 in
840 2402 1056 2472 occasionibus,
1077 2402 1108 2462 in

95 2487 205 2565 quibus
213 2485 366 2564 praevidet
380 2486 458 2544 Deus
474 2484 560 2544 illum
576 2501 724 2544 casurum.
743 2483 869 2543 Effectus
887 2486 1109 2545 16666666

94 2581 160 2632 tore
181 2587 302 2650 proenam
321 2547 513 2646 temporalem
534 2567 665 2628 debitam
685 2586 743 2645 pro
763 2569 909 2644 peccatis;
932 2567 989 2629 boc
1009 2579 1109 2632 autem

94 2675 158 2720 666
171 2653 301 2725 directi,
318 2653 369 2714 sed
384 2650 527 2713 indirecte
542 2652 659 2718 ratione
676 2661 797 2711 actuum
810 2651 977 2724 charitatis,
991 2654 1042 2732 qui
1055 2672 1109 2732 per

94 2747 314 2806 sacramentum
330 2736 513 2808 excitantur,
527 2744 561 2795 ut
574 2735 661 2796 docet
671 2738 704 2796 S.
717 2733 772 2795 Tb.
784 2752 817 2814 6.
833 2737 861 2796 5.
874 2753 925 2815 qu.
939 2737 988 2799 79.
1001 2748 1061 2802 ort.
1078 2742 1108 2802 5.

94 2843 163 2886 cum
178 2819 273 2883 Saluo.
289 2819 363 2884 ibid.
376 2839 412 2882 n.
427 2823 476 2880 57.
490 2827 519 2880 at
536 2823 624 2882 dono.
667 2862 675 2879 .
691 2821 760 2880 556.
776 2838 807 2880 a.
822 2823 851 2881 7.
866 2821 991 2884 Effectus
1005 2826 1042 2885 V.
1064 2835 1109 2897 est

95 2908 220 2970 amanlis
239 2905 366 2968 dulcedo
382 2905 563 2984 spiritualis,
580 2906 648 2982 qui.
695 2914 776 2990 ectus
792 2914 836 2966 est
858 2909 979 2985 quidem
999 2910 1108 2972 inlalli·

95 2995 186 3067 bilis,
207 2993 233 3051 si
255 3009 317 3052 non
341 2990 504 3068 impeditur
524 3007 561 3050 ex
583 2998 667 3068 parte
689 2991 812 3068 subJecti
829 3013 836 3052 ε
855 2997 988 3057 consistit
1010 3004 1109 3057 autem

94 3078 158 3138 hmo
171 3077 299 3137 suavius
312 3075 344 3134 iu
356 3075 591 3152 promptitudine
600 3076 761 3137 voluntatis
779 3077 816 3136 ad
830 3097 877 3138 ros
892 3079 1005 3138 divinas
1019 3078 1106 3145 hilari

94 3165 196 3224 animo
209 3159 402 3239 peragendas.
412 3159 538 3222 Effectus
549 3163 600 3224 Vl.
612 3171 658 3224 cst
668 3163 740 3223 unio
752 3165 885 3242 specialis
895 3183 963 3224 cum
972 3163 1104 3242 Christo,

95 3257 124 3308 et
141 3247 287 3308 membris
302 3244 366 3321 ejus
381 3287 389 3315 ,
404 3262 440 3303 ex
452 3247 565 3306 Joanu.
582 3265 608 3308 c.
625 3249 656 3308 6.
668 3246 806 3322 Ji.7.1tt
824 3265 870 3306 uae
885 3252 1001 3321 manet,
1017 3255 1045 3306 et
1056 3267 1106 3332 epo

96 3332 130 3392 in
145 3327 211 3394 illo.
230 3329 357 3390 Effectus
369 3330 437 3392 Vll.
451 3337 496 3390 est
508 3331 627 3409 adeptio
645 3333 768 3411 glorier
786 3331 847 3406 Qui
857 3328 1018 3392 manducat
1030 3329 1108 3395 bunc

94 3433 226 3498 punem,
248 3412 326 3476 uiuet
348 3414 381 3476 in
403 3417 770 3478 cinnomannorum
795 3416 915 3476 effectus
937 3413 1026 3477 habet
1051 3417 1107 3480 boc

96 3508 317 3562 sacramentnm
340 3516 409 3578 erga
427 3517 553 3577 corpus,
575 3506 610 3560 ut
631 3508 734 3559 tenent
749 3500 853 3582 Lupo,
880 3495 949 3561 Pol.
969 3509 997 3562 et
1013 3503 1104 3564 Suor.
1175 3501 1178 3504 ’

96 3603 165 3648 oum
190 3579 287 3646 Solm.
312 3581 353 3645 ib.
378 3601 410 3648 rt·
435 3585 485 3646 56.
507 3583 619 3650 scilicet
639 3582 824 3648 diminuendi
847 3586 980 3648 tomitem
1001 3604 1106 3648 conou-
