2450 3975
302 308 312 317 ,
352 250 425 332 Cap.
441 249 526 310 l.De
538 248 723 313 contritione.
742 248 821 311 Dnb.
836 253 866 312 ἢ.
1055 251 1112 312 555

104 350 230 417 Netr'nm
254 348 382 412 maximis
404 366 490 409 usum
511 348 610 409 fuisse.
634 350 671 408 Et
691 345 762 407 buie
783 347 925 409 doctrinas
948 346 1054 408 alludit
1082 346 1112 407 id

103 436 184 517 quod
206 434 332 496 habetur
352 434 385 493 in
406 433 516 493 Rituali
537 436 670 495 Romano
689 429 724 492 de
745 448 823 493 socr.
842 433 945 511 poenit.
967 432 1020 492 ubi
1041 452 1050 491 c
1073 433 1113 492 ln

99 527 219 605 peccota
237 516 326 599 focile
346 514 538 579 recidentibus
555 513 749 577 utilissimam
770 515 864 595 [nerc't
884 516 1053 591 consulere,
1078 522 1115 576 nt

102 605 178 685 sepe
187 600 399 683 confiteantur,
417 608 445 661 et
456 600 485 672 si
493 598 645 681 expedio-t,
656 599 879 660 communicent.
889 601 966 679 Ergb
979 600 1109 671 Rituale,

102 689 174 748 dum
189 688 261 747 dicit
279 686 444 746 remedium
463 685 624 763 frequentis
640 686 827 746 consessionis
846 686 1033 745 utilissimum
1049 703 1111 746 esse

101 772 185 834 facile
206 770 403 831 recidentibus
420 773 453 829 in
472 777 603 847 peecata,
621 770 763 847 supponit
779 788 903 848 pravum
920 769 1054 829 habitum
1073 770 1113 829 ab

101 856 144 917 eis
163 874 223 917 non
240 854 335 915 adhue
354 870 415 913 esse
434 853 678 929 avulsumrscd,
699 852 755 913 hoe
775 873 835 915 non
854 855 1005 928 obstame,
1026 854 1113 916 docet

100 942 226 1019 gratiam
244 938 416 999 sacramenti
434 937 563 997 multum
581 936 716 999 conterre
730 938 767 997 ad
783 940 1029 999 emendationem.

139 1025 266 1101 Quidam
282 1021 480 1101 rigiditatibus
495 1022 602 1083 addicti
617 1066 625 1093 ,
640 1024 692 1101 qui
715 1043 768 1103 per
783 1026 905 1086 unicum
926 1026 1032 1103 rigoris
1049 1034 1110 1086 tra·

100 1110 204 1173 mitem
216 1109 327 1190 animas
342 1108 511 1173 conducunt
524 1151 532 1178 ,
547 1107 636 1167 nimis
656 1111 832 1186 generaliter
845 1113 1013 1190 loquentes,
1034 1128 1110 1171 asse·

100 1202 173 1257 rum
199 1210 300 1255 omnes
322 1192 467 1252 recidivas
492 1192 692 1269 perversiores
714 1194 805 1268 lieri,
831 1194 900 1256 cirm
918 1197 1110 1257 absolvuntur

99 1290 257 1359 antequam
270 1276 476 1339 emendentur.
493 1278 551 1337 Sed
577 1274 632 1337 lros
664 1281 818 1358 magistros
844 1298 925 1341 meos
950 1299 1108 1356 rogarem,

99 1365 246 1443 numquid
260 1362 402 1433 recidivi,
417 1360 486 1422 eiun
511 1362 574 1424 sine
593 1362 780 1432 absolutione,
790 1366 1000 1435 dimittuntur,
1017 1366 1109 1443 gratid

98 1449 271 1511 sacramenti
285 1452 434 1521 carentes,
454 1466 556 1509 omnes
570 1449 727 1510 validiores
741 1451 835 1523 liunt,
851 1457 882 1511 et
895 1451 1109 1510 emendantur?

55 1608 58 1614 Ι
98 1538 178 1613 Quot
189 1536 310 1595 miseros
330 1534 393 1611 ipse
411 1534 555 1611 cognovi,
579 1537 631 1613 qui
644 1536 683 1596 ob
702 1537 874 1615 denegatam
894 1537 1108 1597 absolutionem

96 1641 130 1683 se
141 1618 311 1697 dejecerunt
330 1619 361 1676 in
375 1618 633 1696 desperationem,
656 1626 686 1680 et
705 1640 759 1699 per
778 1624 877 1701 plures
892 1614 1109 1682 annostsa'cra·

97 1704 207 1768 mentis
217 1702 310 1763 eversi
326 1701 522 1763 aberrarunt?
538 1704 684 1766 Caeteriim
699 1706 901 1784 unusquisque
918 1707 949 1764 in
966 1704 1109 1782 boepun-

97 1800 146 1853 cto
161 1787 420 1867 impertiendrerel
441 1788 611 1850 differendae
631 1790 821 1851 absolutionis
840 1790 968 1868 dirigere
979 1808 1010 1849 se
1021 1790 1109 1871 debet

95 1876 180 1955 juxta
196 1871 326 1933 lumeni
345 1875 408 1935 Deo
426 1874 483 1935 sibi
499 1874 656 1937 donatum.
678 1876 740 1935 lloe
758 1883 871 1937 eertum
888 1883 952 1949 est,
970 1875 1049 1954 qudd
1075 1878 1107 1937 iu

96 1960 152 2022 bae
165 1958 286 2020 materia
300 1967 361 2020 tam
378 1966 499 2033 errent,
516 1960 567 2040 qui
579 1978 670 2039 aequo-
685 1969 755 2022 sunt
770 1961 932 2043 faciliores,
949 1960 1038 2040 qubm
1054 1963 1106 2042 qui

95 2064 186 2125 oeqno
206 2043 360 2122 rigidiores
384 2054 455 2106 sunt
477 2045 509 2106 in
533 2045 739 2121 absolvendo,
761 2055 922 2124 utrumque
940 2056 1107 2108 extremum

95 2131 317 2216 perniciosum,
340 2132 427 2192 multi
446 2132 529 2193 enirn
551 2131 718 2192 confessarii
738 2131 776 2192 ob
794 2131 916 2192 nimiam
937 2133 1106 2194 facilitatem

95 2215 267 2277 absolvendi
290 2215 321 2274 in
343 2235 427 2278 eausa
445 2225 532 2290 su'nt,
556 2223 594 2276 ut·
606 2218 706 2294 plures
726 2218 831 2276 animae
855 2217 887 2274 in
909 2217 1106 2293 perditionem

94 2301 219 2378 obcant3
232 2299 282 2360 sed
295 2299 344 2361 alii
354 2301 393 2360 nb
405 2302 528 2364 nimiam
540 2301 719 2379 rigiditatem
729 2319 788 2360 non
800 2300 924 2375 minoris
935 2310 1004 2361 sunt
1014 2301 1107 2361 detri-

93 2385 200 2448 menti.
215 2383 299 2444 Unde
322 2383 400 2444 baud
414 2387 490 2459 scio,
513 2383 616 2446 utrbm
640 2385 813 2445 confessario
835 2384 945 2445 minori
966 2387 1105 2464 scrupulo

93 2469 200 2532 debeat
210 2486 271 2530 esse
285 2467 474 2547 indispositos
486 2470 657 2539 absolvere,
673 2468 762 2547 quem
774 2469 929 2548 dispositos
942 2469 1103 2531 dimittere.

93 2553 246 2624 Tandem,
265 2561 298 2613 ut
324 2571 397 2614 meae
419 2555 604 2616 conscientiae
623 2553 776 2615 dictamen
788 2571 956 2632 exponam,
977 2557 1019 2614 sie
1033 2575 1104 2616 eou-

92 2639 201 2702 eludo:
216 2638 382 2717 Aliquando
397 2641 507 2718 poterit
522 2639 610 2699 alicui
628 2639 758 2700 recidivo
776 2638 914 2717 prodesse
933 2640 1035 2700 dilatio
1051 2641 1104 2701 ab·

78 2722 259 2785 solutionis.
289 2723 411 2800 Semper
445 2723 566 2802 quidem
595 2724 730 2802 proderit
752 2723 902 2784 deterrere
932 2721 1102 2802 hujusmodi

90 2811 222 2886 relapsos
237 2826 272 2867 ex
285 2807 442 2870 intrinseca
455 2809 633 2888 fragilitate,
654 2809 839 2887 negationem
849 2809 1039 2872 absolutionis
1050 2815 1103 2874 mi·

90 2893 204 2956 nando.
216 2890 372 2966 Ordinarid
396 2892 471 2955 verb.
492 2892 645 2972 loquendo
668 2893 761 2971 magis
778 2895 912 2972 proderit
925 2899 967 2956 eis
983 2897 1102 2958 absolu-

88 2979 203 3040 tionem
216 2975 362 3056 impertiri
376 3021 385 3050 ,
400 2977 470 3039 etim
489 2977 622 3056 dispositi
637 2979 779 3040 accedunt
797 2998 850 3059 per
870 2983 986 3060 signum
1004 2989 1102 3042 extra-

88 3062 276 3126 ordinarium
297 3061 419 3122 doloris.
435 3063 555 3124 Utinam
572 3063 638 3124 dieo
655 3072 686 3124 et
701 3083 804 3126 omnes
823 3067 989 3128 confessarii
1006 3067 1102 3128 absol-

86 3154 194 3208 verent
208 3145 353 3206 recidivos
364 3144 432 3207 etim
442 3145 538 3209 soliun
552 3149 634 3226 sigua
650 3149 881 3211 extraordinaria
894 3151 936 3209 illi
950 3150 1097 3211 alleruntl
1194 3155 1199 3164 ’

86 3230 147 3292 Sed
160 3229 243 3309 quod
259 3230 421 3294 dolendum
433 3237 497 3305 est,
513 3233 641 3293 maxima
664 3251 732 3312 pars
754 3235 999 3295 confessariorum
1012 3235 1100 3295 undi-

85 3334 158 3394 que,
170 3314 253 3376 nullo
263 3313 384 3392 prorsirs
391 3317 477 3398 signo
488 3317 720 3380 extraordinario
729 3317 873 3390 exhibito,
884 3316 1100 3379 indiscrimina-

85 3403 144 3462 tim
160 3400 223 3460 sine
235 3398 294 3458 ulla
304 3399 503 3462 admonitione
513 3445 521 3473 ,
533 3401 674 3478 nulloque
687 3401 817 3479 proestito
828 3401 981 3472 remedio,
1000 3399 1099 3478 hujus·

84 3483 167 3546 modi
186 3483 306 3561 relapsis
327 3501 444 3564 semper
467 3485 681 3545 absolutionem
696 3485 910 3564 impertiuntur
921 3529 930 3558 ,
942 3482 1037 3547 ctboe
1055 3498 1105 3551 cst·

83 3567 165 3630 unde
175 3564 261 3638 ruina
273 3571 488 3640 totanimarum
496 3575 622 3629 emarrat.

878 3740 943 3804 50..
