2450 3975
131 192 169 255 tt
353 190 419 255 lib.
436 192 467 255 t.
490 190 587 254 itaet.
602 190 633 251 5.
647 185 905 249 Del’uelsoristio.

130 314 192 357 uon
207 294 392 357 ministretur
403 291 594 355 Eucharistio
604 308 666 375 per
680 287 801 350 modum
818 289 1000 351 tauromenii
1003 336 1014 369 ,
1033 288 1150 355 seilicet

129 396 196 441 oum
212 376 367 459 particulis
382 375 639 459 proerouaeorutia,
653 372 832 437 eatroleudo
849 373 992 455 ppoettaa
1011 377 1148 438 tiarato-

129 463 191 527 clio.
204 466 305 527 Potest
324 472 421 524 tomen
439 462 609 525 miraturum·
621 480 676 545 pes·
692 458 812 523 modum
824 458 967 541 smsifies'i
974 506 983 531 ,
995 470 1088 542 prout
1101 470 1149 524 est

131 549 250 633 wando
275 548 411 631 fidelibus
431 549 578 633 praebetor
602 548 768 610 eommamo
791 566 858 609 cum
878 546 1038 629 partiendis
1054 547 1147 630 iufra

130 634 261 699 samam
275 637 397 697 musam
412 634 587 697 consecratis
598 636 651 713 (1).
668 632 722 695 llio
742 643 841 694 autem
859 633 1025 694 notandum
1036 679 1045 706 ,
1058 635 1149 713 quid

75 786 78 791 ,
129 730 213 783 anteo
227 722 275 783 die
288 724 338 783 11.
353 722 435 782 lunii
451 722 537 781 1670.
553 721 584 781 in
595 722 714 781 Pritana
726 719 812 780 aliud*
823 718 881 781 luit
894 719 1047 781 decretum
1065 740 1148 781 ema·

130 819 249 879 natum,
266 808 428 867 nimirum:
443 808 545 869 otissa
560 802 765 887 defunctorum
774 822 834 868 aon
845 802 1145 886 possuntreletrori,

128 892 191 955 uisi
207 912 274 954 uem
285 890 377 954 colore
396 892 495 974 asyro,
509 889 555 953 vel
566 889 671 953 saltem
681 888 818 951 υἰοίαωο.
834 892 886 951 liis
900 892 1019 969 positis,
1031 908 1148 972 nempe

128 978 208 1059 quod
229 976 345 1039 tantiam
369 979 399 1037 in
426 980 603 1057 paramentis
631 976 723 1054 nigris
754 974 930 1055 prohibetur
955 977 1146 1039 aumartsua

128 1062 307 1140 ministrari,
321 1072 350 1123 et
368 1061 437 1123 aliis
456 1062 640 1141 permittitur
657 1062 805 1123 celebrare
822 1063 925 1122 missas
947 1059 982 1123 de
997 1064 1145 1144 Requieus

127 1147 159 1208 in
175 1148 325 1219 violaceis,
339 1148 481 1215 intortus,
498 1145 577 1207 licite
594 1147 719 1223 possein
730 1147 825 1208 missis
836 1147 1061 1222 defunctorum,
1073 1166 1146 1227 quae

127 1232 314 1294 celebrantur
330 1234 362 1295 in
377 1232 530 1303 violaceis,
546 1231 710 1292 ministrari
733 1230 944 1292 Eucharistiam
961 1250 1031 1293 oum
1046 1235 1145 1312 parti·

127 1321 201 1381 culis
222 1321 478 1400 praeeouseeratiss
501 1324 531 1379 et
545 1319 666 1396 iusuper
683 1318 845 1379 ministrari
864 1326 1028 1397 possetam
1047 1326 1142 1393 aute,

127 1404 217 1486 quim
235 1415 302 1485 post
318 1408 449 1466 missam.

164 1491 267 1551 Dabit.
282 1492 311 1551 5.
326 1492 372 1549 An
385 1488 554 1550 commuuio
569 1487 662 1566 possit
679 1486 843 1547 ministrari
860 1484 877 1547 1
890 1488 1059 1549 celebrante
1070 1497 1143 1553 auto

126 1577 173 1638 vel
191 1583 255 1656 post
272 1576 390 1637 missam
410 1574 639 1635 detunctorum?
657 1569 763 1633 lileritl
777 1573 808 1633 id
828 1579 914 1652 negat
926 1575 1058 1648 literati,
1071 1578 1143 1655 quia

127 1668 208 1725 extra
225 1662 344 1723 missam
359 1676 510 1739 nunquam
523 1659 554 1718 in
569 1658 749 1737 paramentis
766 1658 858 1737 nigris
874 1664 918 1718 ost
934 1657 1142 1722 distribuenda

126 1748 313 1816 eommtmio,
333 1744 401 1808 eism
419 1744 503 1821 juxta
522 1743 638 1803 ilituale
652 1742 738 1801 Rom.
760 1742 969 1819 praescribatur
988 1744 1021 1804 iu
1042 1746 1144 1808 admi·

126 1832 301 1893 nistratione
311 1830 495 1891 Eucharistiae
509 1828 652 1890 utendum
666 1845 728 1887 esse
737 1825 811 1888 stoli
824 1826 930 1889 eoloris
940 1828 1037 1890 officio
1056 1831 1142 1893 illius

125 1916 184 1977 diei
209 1916 431 1989 convenientis,
455 1915 502 1975 vel
525 1914 630 1974 saltem
651 1912 758 1973 eoloris
778 1911 836 1972 albi
845 1921 861 1983 *,'
879 1920 915 1973 ut
934 1922 1034 1975 censet
1058 1918 1142 1980 idem
1219 1923 1220 1938 ²

126 2000 239 2062 literati
257 2018 324 2060 eum
338 1999 474 2078 pluribus
491 2001 554 2059 DD.
573 1997 659 2072 Quod
677 1998 996 2078 etiamapprobovitS.
1011 2001 1143 2065 carator

125 2086 159 2147 iu
175 2085 248 2164 Syn.
259 2085 350 2143 Proo.
364 2085 391 2143 Ι.
403 2101 436 2164 p.
451 2085 480 2144 1.
497 2081 643 2144 Caeterirm
661 2087 775 2143 eertum
790 2081 835 2142 e'st
852 2082 890 2144 ex'
899 2083 965 2146 itit.
982 2085 1140 2161 Romano,

125 2170 204 2230 iutra
217 2170 318 2229 missas
330 2167 465 2229 vivorum
481 2168 722 2229 communionem
739 2165 951 2247 papalisttttm
964 2176 1030 2248 post
1048 2191 1143 2234 saeer

124 2254 203 2316 dotis
218 2253 418 2332 sumptionem
437 2251 503 2312 fieri
520 2251 647 2322 debere,
669 2253 726 2312 nisi
744 2252 823 2330 justa
839 2267 923 2314 eausa
936 2255 1056 2316 suadeat
1071 2257 1141 2318 lieri

124 2340 268 2412 ante,vel
282 2344 349 2417 post
366 2338 500 2411 missam,
513 2335 558 2398 uti
571 2338 594 2396 si
609 2337 732 2416 plurimi
753 2340 943 2412 interessent,
959 2348 990 2400 et
1008 2344 1141 2421 suspirio

125 2429 216 2493 osset,
230 2421 310 2502 quod
330 2421 420 2500 aliqui
441 2439 545 2484 eorum
566 2423 663 2482 missae
682 2423 823 2500 longioris
843 2423 931 2485 matio
947 2427 1139 2504 caperentur,

125 2514 159 2568 ut
178 2508 265 2569 docet
283 2507 325 2568 N.
339 2509 376 2569 P.
387 2505 497 2568 lleoeol.
508 2507 598 2568 XIV.
611 2505 647 2566 de
658 2505 767 2587 Sacris.
785 2509 867 2570 miss.
884 2516 907 2569 t.
920 2510 949 2572 o.
964 2508 986 2572 l.
1001 2513 1031 2570 t.
1045 2529 1072 2591 a.
1086 2515 1138 2576 18.

162 2595 232 2657 tto.
246 2625 284 2640 -
300 2594 397 2668 Quoer.
419 2593 457 2652 ll.
469 2589 546 2666 Quid
560 2589 725 2651 laciendum
739 2609 805 2652 casu
818 2611 878 2672 quo
890 2594 1003 2655 deridet
1018 2594 1142 2658 hostia?

125 2680 225 2741 Primo
243 2680 384 2756 tegendus
395 2685 439 2739 est
457 2679 536 2739 loeus
551 2697 649 2758 persno
662 2678 742 2739 lineo
756 2680 883 2756 malado,
900 2686 931 2741 et
944 2689 1044 2760 postea
1055 2684 1142 2745 ablu·

125 2764 238 2836 endas,
258 2770 292 2822 ut
311 2764 485 2842 praecipiunt
496 2765 651 2835 Rubrioos,
664 2782 730 2842 quae
742 2771 839 2824 tamon
858 2784 919 2826 non
937 2760 1141 2846 ohligant'sub

124 2849 225 2929 gravi,
241 2854 274 2907 ut
290 2855 372 2907 notat
387 2852 479 2927 Pasa.
494 2849 577 2927 opud
591 2850 680 2909 Cros'o
696 2847 718 2910 1.
737 2855 765 2911 ti.
784 2869 816 2931 p.
829 2851 860 2911 1.
879 2855 1003 2914 atta.
1015 2852 1140 2916 Hltlzm·

123 2951 156 2996 o.
170 2935 220 2996 87.
235 2933 287 3012 qui
307 2932 389 2992 addit
406 2951 474 2993 cum
492 2933 563 2996 Gob'.
576 2932 684 2994 Pollia.
706 2934 807 2998 Tomb.
823 2944 853 2997 et
871 2936 965 2999 Lolui.
979 2937 1140 3020 epitimio:

151 3100 184 3162 (1)
193 3099 220 3144 S.
232 3097 366 3154 Alploossts
376 3093 399 3141 iu
417 3095 464 3140 suis
480 3094 592 3156 operibus
602 3095 742 3154 dogmaticis
753 3113 760 3142 s
773 3099 863 3145 latoria
875 3099 1025 3154 dell'Bresio,
1038 3101 1140 3152 aaut.

123 3167 161 3215 10.
173 3181 196 3212 ιι,
207 3163 244 3210 il.
254 3161 415 3210 affirmativam
428 3159 523 3222 quidem
535 3161 676 3208 sententious
685 3170 813 3218 tenuerat,
825 3170 862 3213 ast
871 3164 894 3211 io
905 3166 1078 3225 posterioribus
1086 3169 1141 3216 edi.

123 3232 227 3279 tionibus
237 3227 370 3288 Theologiae
380 3227 477 3273 Moralis
488 3258 495 3282 ,
508 3227 577 3286 cujus
590 3229 730 3274 revisiouem
749 3242 810 3275 anuo
820 3229 880 3274 itte
893 3229 917 3276 iu
936 3230 1043 3276 manibus
1053 3232 1140 3280 ultimo
1217 3230 1218 3235 ’

123 3296 221 3346 habuit,
233 3296 365 3353 negativam
376 3292 497 3354 probavit,
513 3292 586 3340 hoece
595 3293 717 3339 decretum
729 3294 753 3340 S.
764 3294 790 3343 C.
802 3295 828 3340 ll.
839 3296 862 3341 2.
873 3303 936 3356 sept..
944 3289 1000 3343 1711
1014 3292 1140 3345 authenti·

122 3373 177 3404 essm
187 3373 321 3416 agnoscens.
337 3361 430 3406 Falsum
441 3360 520 3419 ltaque
530 3365 581 3412 est,
592 3359 619 3405 S.
630 3360 777 3416 Atptsoasuss
786 3369 923 3418 presentem
934 3359 994 3408 bano
1004 3377 1069 3409 suam
1082 3379 1141 3412 seu·

123 3421 236 3476 tentiam,
247 3425 310 3480 q'utd
324 3439 369 3470 non
380 3425 451 3473 lioest
462 3423 485 3469 iu
505 3421 573 3468 missa
587 3423 754 3468 detunctorum
764 3425 821 3471 dare
837 3425 1024 3474 communionem
1041 3443 1071 3474 ex
1082 3443 1138 3489 par-

121 3483 203 3530 tioulis
213 3487 419 3544 praeooasecsatis,
437 3489 461 3534 iu
480 3487 576 3535 laudato
592 3501 665 3547 opero
680 3488 1032 3548 togmsim,1·amaaaotttt
1050 3492 1138 3550 edito,

124 3551 274 3590 retractasse.
373 3579 380 3592 .

807 3622 870 3669 ttatt.
