2450 3975
140 178 199 241 uc
366 173 434 241 rso.
450 176 481 239 e.
497 176 595 263 rme.
610 169 917 239 secretarum

142 288 211 348 tue.
233 300 301 346 eum
318 284 399 348 recu
418 286 504 363 suu,
526 285 614 350 conc.
629 285 743 347 Beroe.
757 285 827 364 liep.
847 290 876 343 et
887 278 957 344 eliis
970 283 1105 365 possim
1117 292 1148 347 et

139 370 217 433 ieret
228 371 269 431 D.
287 366 342 433 rt.
366 366 504 448 Qucdttt.
520 370 550 430 7.
565 375 625 430 ert.
649 368 816 439 iunctio,
833 365 980 447 cunquiu
1002 366 1091 437 hodic
1115 370 1148 431 id

139 454 323 535 permittitur
344 452 364 518 d
383 452 595 515 consuetudine
615 452 790 513 universalis
812 450 962 524 Ecclesiae,
987 450 1053 513 tium
1073 454 1146 531 quic

137 538 263 620 quisque
272 538 425 618 operurlus
437 536 510 623 (sire
519 536 620 608 dirce,
632 537 695 597 sive
705 534 827 614 pauper)
840 534 947 613 dignus
955 543 999 596 est
1010 536 1148 597 mercede

137 624 208 694 sui,
221 630 252 683 et
266 632 303 685 ut
313 624 412 700 inquit
428 621 595 700 spostoluss
609 619 686 697 Quis
703 620 768 682 suis
786 619 943 701 stipendiis
954 618 1067 683 militat
1085 642 1148 683 uu·

138 713 251 787 quum
263 710 292 768 l.
305 704 347 769 ud
359 704 492 769 munst.
510 725 537 767 c.
551 707 580 767 9.
596 706 642 779 Ji.
654 708 683 767 7.
706 703 778 768 Vide
803 703 883 765 dictu
900 701 922 764 Ι.
941 708 971 765 l.
994 725 1078 767 uum.
1093 710 1146 769 55.

140 794 199 866 Qu.
220 793 255 854 V.
269 790 376 853 iltrrim
394 801 494 852 eutem
512 792 552 855 eit
568 791 694 853 simonie
712 789 861 851 celebrere
879 790 1083 869 principaliter
1107 793 1148 858 ob

136 877 338 957 stipendium?
353 876 538 939 Probabilide
548 886 685 955 negetur.
701 871 774 939 Vide
782 873 868 939 dieto
879 874 920 937 it.
936 876 994 951 Qu.
1011 877 1065 938 VI.

137 966 145 973 '
175 963 273 1034 Quaer.
294 962 333 1021 11.
353 960 510 1035 Quomodo
524 969 624 1049 peccet
641 960 793 1035 sacerdos,
814 959 979 1023 differendo
995 962 1147 1025 celebrere

137 1046 253 1119 ruimus,
268 1055 386 1124 eccepto
400 1046 569 1128 stipendio?
583 1047 692 1125 Utique
704 1045 833 1125 graviter
848 1053 963 1122 peccat,
980 1046 1004 1106 si
1025 1046 1076 1107 diu
1090 1048 1148 1109 dii-

135 1131 214 1202 0000,
229 1140 264 1193 ut
281 1130 407 1194 habetur
422 1133 456 1193 iu
471 1133 595 1197 decretio
607 1134 639 1193 S.
656 1134 689 1193 C.
711 1132 828 1191 concilii
846 1130 932 1193 editis
945 1133 994 1193 die
1007 1136 1057 1195 21.
1070 1137 1144 1197 Juu.

138 1217 227 1277 tort.
240 1234 277 1277 ex
292 1218 466 1279 uuctoritute
479 1216 593 1285 docui
606 1218 696 1281 Vm.
708 1216 752 1279 illi
768 1216 929 1295 specialiter
940 1218 1102 1294 attribute,
1117 1231 1148 1281 et

138 1301 176 1361 ub
189 1302 381 1367 luuoc.XH.
397 1303 430 1363 iu
446 1320 499 1381 nuc
517 1304 597 1370 buliu
635 1320 701 1385 qum
719 1302 823 1381 incipit
833 1302 938 1382 Nuper
948 1346 957 1371 ‚
969 1310 1022 1365 ete.
1036 1304 1148 1365 confir·

139 1388 235 1448 unctis.
249 1387 355 1455 Omnis
372 1386 434 1456 lraec
446 1346 641 1459 inextensudtt
653 1386 741 1447 client
754 1388 793 1451 Ρ.
806 1387 850 1448 ta
864 1386 954 1449 Croiu
963 1383 1014 1447 tit.
1024 1390 1055 1447 0.
1064 1406 1100 1471 p.
1114 1392 1146 1449 9..

137 1468 1142 1549 udi.Etsigucnterrtffl.legiturdecretum,ubisiesuueitumfuit:

137 1550 345 1633 uteoruyuu
359 1550 512 1620 muuuoleo
523 1601 531 1627 ‚
541 1565 572 1621 ct
583 1554 778 1637 quotidianos
793 1554 838 1615 ito
855 1552 972 1615 derum
984 1556 1148 1619 sacerdotes

137 1636 265 1719 occipere
283 1638 412 1725 possint,
431 1638 608 1703 cicuribus
623 1648 712 1703 uuteo
724 1638 869 1720 impositis
884 1638 1145 1721 itesotc'sfereriut‚

137 1722 179 1784 ut'
196 1744 274 1786 uoou
293 1742 409 1807 quoque
427 1745 518 1789 oueru
533 1725 678 1807 suscipere
696 1722 836 1810 uehunt,
859 1723 996 1806 alioquin
1020 1728 1146 1789 eruniud

139 1808 317 1871 0000000000.
331 1812 387 1873 Sed
402 1811 470 1875 cium
483 1814 553 1874 inde
568 1813 725 1891 quesitum
737 1810 856 1884 luisset,
867 1828 906 1872 un
920 1810 972 1889 qui
984 1829 1044 1873 non
1059 1815 1146 1873 sutis·

137 1892 263 1964 iecerint
282 1897 422 1959 oneribus
444 1899 607 1977 susceptis,
629 1897 742 1980 possint
766 1912 842 1957 nove
860 1912 951 1955 onere
970 1896 1146 1976 susciperet

137 1976 240 2037 eodem
251 1980 282 2040 S.
299 1982 333 2042 C.
351 1982 524 2043 auctoritate
540 1980 673 2060 ejusdem
693 1979 807 2044 Urbcui
818 1978 894 2062 (utu
913 1978 996 2062 opud
1012 1980 1146 2044 socrdem

141 2063 232 2124 croix
243 2082 328 2125 uum.
342 2067 405 2142 98.)
417 2067 577 2128 declaravit
585 2112 595 2144 ,
609 2067 762 2134 decretum
773 2085 832 2127 uon
854 2065 979 2144 intelligi
991 2066 1144 2141 obsolute,

135 2147 188 2208 sed
208 2150 374 2211 'secerdotes
398 2169 480 2231 posse
499 2168 578 2213 uoce
598 2170 690 2216 onere
710 2154 874 2232 suscipere,
889 2149 1048 2214 dummodo
1058 2151 1146 2232 iufra

133 2231 283 2295 modicum
295 2243 408 2317 ternpus
417 2235 531 2316 possint
540 2236 676 2298 omuibus
689 2233 868 2316 satisfacere.

175 2318 232 2378 Sed
248 2317 297 2380 lric
304 2321 429 2382 dubium
439 2321 493 2394 iit,
507 2331 653 2402 quuntum
667 2321 809 2398 temporie
821 2317 949 2400 spatium
960 2317 1146 2398 intelligutur

137 2422 192 2482 per
202 2404 278 2465 illud
292 2403 440 2468 modicum
453 2406 614 2488 temporis?
634 2407 754 2466 Certum
772 2403 860 2484 esti.
874 2421 993 2482 peecare
1009 2405 1146 2466 sucerdo-

137 2489 252 2564 tem‚si
261 2490 383 2571 petitum
393 2495 513 2552 missum
524 2490 687 2570 proaliquo
701 2499 826 2568 urgento
837 2490 930 2568 gretie
943 2488 1143 2568 impetranda,

136 2573 207 2652 puti
220 2573 363 2655 protolici
383 2586 490 2657 portu,
505 2575 657 2641 evadendo
675 2575 824 2658 periculo,
838 2574 890 2634 lite
905 2573 1048 2634 vincenda
1061 2618 1070 2645 ‚
1084 2583 1143 2635 ete.

135 2659 188 2717 ille
198 2659 316 2720 omittet
334 2662 482 2723 celebrare
491 2663 569 2725 iutru
587 2659 703 2737 tempus
716 2657 904 2722 celebrationi
917 2659 1142 2736 aptumltatio,

136 2741 206 2817 quin
218 2741 265 2817 (ut
278 2737 353 2804 bene
366 2747 407 2806 eit
418 2749 501 2829 Lupo
515 2746 545 2817 d.
559 2748 608 2812 20.
625 2763 707 2804 uum.
722 2741 785 2822 lt.)
797 2741 1014 2804 circumstantia
1026 2751 1143 2823 tempo·

135 2827 179 2888 uis
199 2831 413 2904 tuncpertinet
429 2833 467 2892 ud
487 2832 681 2893 substantiam
696 2829 870 2907 reipetitae3
883 2825 962 2888 unde
975 2869 984 2897 ,
996 2835 1143 2892 transacto

136 2931 172 2974 cc
190 2920 339 2988 tempore,
357 2914 462 2976 merito
477 2913 562 2991 cjunt
576 2917 668 2975 Rouc.
689 2933 715 2974 c.
737 2916 766 2974 6.
788 2931 818 2994 q.
844 2913 893 2972 lO.
909 2931 936 2970 r.
961 2912 991 2973 2.
1012 2919 1042 2975 rt
1057 2913 1139 2977 ocur.

141 3000 252 3063 Toum.
269 2991 323 3056 icc.
340 2995 391 3056 eit.
404 3015 434 3058 c.
452 2996 821 3076 Quur.9.quddssuerdos
832 3005 948 3060 tenetur
960 2996 1141 3077 stipendium
1213 3035 1214 3040 κ

135 3084 307 3155 restituere,
324 3081 438 3145 etiamsi
452 3090 552 3162 postes
562 3082 766 3149 celebraverit.
777 3081 841 3144 lmd
850 3078 929 3144 recte
941 3079 1022 3141 addit
1034 3077 1143 3164 Spurer

135 3189 198 3231 non
219 3166 352 3230 sufficere
362 3211 370 3239 ,
381 3166 406 3226 si
422 3167 603 3246 stipendium
617 3169 808 3242 restituatur,
822 3167 873 3228 sed
886 3165 1067 3231 monendum
1081 3185 1143 3228 esse

134 3255 256 3334 insuper
268 3272 357 3329 euru,
370 3253 422 3331 qui
438 3251 619 3335 stipendium
638 3251 740 3330 dedit,
759 3253 797 3314 de
814 3253 910 3318 missis
923 3258 1057 3334 tempore
1071 3261 1142 3332 epto

135 3343 260 3401 omissis.
277 3344 399 3402 Certum
418 3349 463 3401 est
484 3339 515 3399 2.
535 3337 616 3417 quiid
631 3339 654 3398 si
672 3340 739 3417 quis
757 3339 816 3400 tibi
831 3337 882 3399 det
901 3337 1141 3416 elemosynam,

136 3433 169 3480 ut
190 3426 316 3484 celebrer
330 3444 385 3503 pro
405 3425 469 3503 ipso
485 3424 517 3484 in
530 3424 686 3484 festivitate
704 3423 866 3504 hodierne,
882 3441 982 3502 pecces
995 3423 1020 3485 si
1039 3431 1142 3500 postes

120 3521 250 3562 ⁴suerum
261 3508 371 3582 ‘ineius3
390 3509 524 3585 quumvis
539 3508 676 3572 udmittut
694 3511 777 3590 Lupo
798 3507 830 3569 d.
853 3527 886 3570 u.
901 3509 951 3577 lt.
965 3525 1049 3586 posse
1066 3507 1142 3568 illud

135 3584 228 3656 iacere
246 3585 294 3644 die
312 3593 582 3658 crustumerium
593 3594 638 3654 ert
651 3595 679 3654 5.
695 3603 725 3654 te
738 3612 799 3656 non
819 3611 938 3672 peeeure
956 3593 1137 3670 differendo,
