2450 3975
123 224 165 285 ts
356 202 422 285 lah}
433 220 462 281 6.
481 220 578 281 Troct.
591 216 622 279 5.
635 216 682 279 De
696 212 899 279 Ennianistio.

122 342 155 385 n.
170 324 200 387 5.
214 322 318 387 Annei.
332 340 366 405 p.
380 324 448 385 tot.
463 340 496 383 n.
509 323 558 383 49.
575 316 850 395 conmmanit«
865 320 913 381 Sic
924 324 1025 381 contra
1038 320 1134 384 Hear.

123 432 137 462 ιι
162 410 279 471 etll'ou.
291 408 397 471 docent
409 408 467 479 So,
485 402 556 469 Fili.
569 412 597 467 et
608 409 713 485 haym.
731 404 783 481 qui
800 402 903 477 addit,
919 404 975 465 nisi
988 414 1135 466 constaret

123 518 138 549 ιι
161 493 323 573 parochum
349 510 412 555 esse
434 492 582 564 invitum,
608 508 642 550 ae
661 488 878 551 rationabiliter
900 489 931 550 id
953 490 1136 570 prohibite,

123 602 138 633 ι
161 596 192 638 r.
206 596 236 658 g.
253 576 416 657 quddsliis
435 577 581 638 rationem
601 573 884 637 communicantium
895 573 1005 635 habere
1026 576 1060 636 in
1080 592 1134 635 sna

122 690 137 720 ιι
161 663 299 745 parochia
320 681 382 725 non
403 662 515 742 possin
536 670 608 721 tune
628 660 710 719 enim
730 658 766 719 ad
787 654 959 738 parochiam
977 678 1041 721 esse
1061 660 1137 737 reji-

122 775 136 804 ιι
161 749 291 811 ciendos.
311 746 401 816 Cord.
419 746 454 809 de
468 750 550 827 Lapa
562 744 593 807 d.
612 746 661 805 48.
680 760 707 805 a.
721 745 751 804 9.
767 760 800 803 ιι.
816 745 865 804 so.
880 745 959 805 Bon.
975 740 1029 805 loe.
1044 746 1095 807 eit.
1115 769 1128 798 ιι

122 831 234 914 (Refert
246 834 288 895 N.
302 833 356 893 SS.
371 834 410 892 P.
426 828 539 893 Bened.
556 831 647 893 XIV.
662 828 697 889 de
708 826 821 907 Synod.
840 824 862 889 t.
880 829 911 887 7.
929 847 955 889 c.
974 832 1024 889 49.
1038 828 1135 890 decla

122 934 202 978 rasse
211 918 242 978 S.
254 917 287 977 G.
295 934 355 977 non
362 932 446 997 posse
456 911 604 995 reputares
614 912 661 974 die
671 911 827 974 Pambotis
836 912 1005 975 ancistrore
1013 913 1136 975 Euche-

122 1000 239 1063 au‘sta‘ant
260 1020 297 1062 ea·
319 999 467 1061 devotione
486 996 780 1059 cotnmnnt'cantibns.
794 996 989 1059 aetarnae.
1004 1001 1035 1059 4.
1052 1016 1083 1079 q.
1100 1001 1132 1059 9.

122 1102 149 1144 r.
169 1087 198 1145 9.
213 1092 240 1143 et
259 1081 401 1165 Wipondt
422 1102 469 1143 ex.
488 1084 519 1143 4.
538 1101 572 1142 ιι.
588 1083 639 1141 48.
662 1076 695 1141 e'n
714 1081 767 1143 boa
784 1089 966 1142 constantem
986 1100 1047 1144 esse
1064 1101 1132 1145 eost·

121 1167 357 1229 suetudinem'in
374 1167 657 1247 contrariamque
671 1164 910 1247 jurisdictionem
929 1165 1061 1247 prebat).

165 1278 179 1307 ιι
198 1255 228 1315 6.
249 1253 279 1315 Si
302 1263 430 1334 egrotus
453 1253 578 1313 necdum
604 1252 773 1330 pervenerit
795 1250 832 1333 ad
855 1269 926 1310 eum
945 1261 1076 1327 statum,
1099 1260 1133 1313 ut
1222 1253 1223 1256 ’

121 1362 136 1393 ι
159 1355 194 1400 ax
215 1350 359 1419 precepto
384 1336 817 1399 tencaturadcommonioncm
828 1379 838 1411 ,
856 1336 910 1396 atsi
930 1344 1003 1397 tunc
1015 1348 1132 1398 maneat

121 1445 135 1477 ι
159 1423 304 1502 obligatus
314 1424 462 1501 suscipere
475 1421 716 1488 communionem
730 1437 766 1480 cx
779 1436 867 1480 manu
882 1419 1002 1499 parochi
1015 1422 1049 1482 in
1060 1423 1131 1483 arti-
1222 1439 1223 1506 J

121 1530 135 1561 ιι
160 1508 228 1568 culo
248 1509 363 1569 mortis.

164 1616 179 1645 ιι
194 1595 223 1654 7.
241 1592 270 1653 Si
285 1600 410 1670 aegrotus
421 1592 592 1652 satisfecerit
602 1601 747 1672 praecepto
759 1591 936 1664 deviatico,
951 1608 1019 1653 cum
1031 1593 1133 1654 inten·

120 1700 137 1732 ιι
160 1677 242 1738 tionc
258 1677 334 1739 illud
357 1677 520 1756 implendis
537 1681 606 1756 quia
624 1678 840 1738 administratio
856 1676 1048 1738 Eucharistiae
1065 1688 1136 1740 tan·
1222 1717 1224 1739 ι

121 1785 136 1815 ιι
159 1761 224 1824 thm
244 1772 288 1825 est
309 1764 399 1832 vetita
419 1757 605 1843 regularibus
617 1762 736 1841 qnando
749 1770 929 1841 preceptum
945 1765 1134 1823 communio·
1222 1753 1224 1816 Ῠ

113 1872 136 1901 ·ι
160 1848 207 1908 nis
229 1848 350 1927 obligat.
364 1850 523 1925 Nunquam
542 1856 662 1923 tamen,
683 1848 747 1907 sinc
766 1847 885 1907 licentia
904 1846 1061 1925 Episcopi,
1083 1848 1130 1909 vel

120 1958 135 1987 a
159 1932 300 2014 parochi,
325 1934 392 1994 licet
413 1934 555 2012 religiosis
575 1931 693 2012 publice
715 1930 925 1994 Eucharistiam
941 1931 1056 1994 deterre
1077 1951 1130 2013 per

121 2041 135 2071 ιι
159 2019 283 2097 plateas,
298 2016 366 2079 adm
381 2017 412 2078 id
423 2018 484 2095 jori
499 2019 696 2098 parochorum
716 2018 926 2079 consuetudine
942 2018 1066 2079 obtento
1078 2021 1132 2080 de·
1222 2062 1224 2077 .

120 2129 134 2159 ιι
158 2113 262 2183 roget:
279 2103 404 2182 proinde
423 2121 458 2163 eo
478 2121 545 2162 casu
564 2104 596 2163 in
611 2105 714 2181 aegroti
736 2103 885 2176 oratorio,
899 2103 994 2163 aliove
1006 2103 1131 2167 honesto
1222 2132 1223 2137 ¹

119 2214 133 2244 ιι
157 2189 263 2251 domius
283 2191 365 2263 loro,
380 2191 418 2250 de
440 2190 559 2250 licentia
577 2190 750 2263 Ordinarii',
770 2191 911 2269 privatim
928 2191 1006 2252 facto
1026 2209 1128 2266 sacro,

118 2300 132 2329 ιι
157 2275 337 2336 Eucharistia
351 2283 395 2336 est
406 2273 513 2335 danda.
529 2273 867 2338 {taanenvtetentaao
878 2281 900 2335 t.
915 2274 945 2334 4.
954 2292 987 2355 p.
998 2275 1028 2336 4.
1042 2294 1068 2334 r.
1079 2278 1127 2338 44.

118 2383 132 2412 ι
156 2367 185 2420 et
200 2379 234 2442 p.
252 2363 282 2420 9.
300 2369 320 2419 t.
334 2357 364 2420 9.
378 2379 404 2422 r.
420 2362 470 2421 95.

159 2469 174 2498 ιι
192 2447 222 2506 8.
243 2445 443 2521 Qtribusdam,
464 2446 516 2525 qui
537 2445 708 2525 frequenter
727 2446 946 2509 communicant
963 2446 1043 2525 apud
1058 2449 1130 2510 reli·

116 2553 131 2586 ιι
155 2530 270 2608 glosas,
286 2548 339 2590 nce
356 2541 479 2610 possunt
498 2530 602 2591 adduci
617 2575 625 2604 ‚
643 2541 678 2591 ut
695 2532 915 2592 communicent
927 2533 958 2590 in
972 2531 1128 2611 parochia,

117 2639 131 2670 ιι
155 2617 245 2695 idque
262 2618 418 2690 extasim,
437 2624 467 2676 ct
482 2625 662 2695 praesumpto
676 2634 818 2677 consensu
830 2661 838 2689 ‚
851 2634 940 2693 quem
955 2618 1062 2696 Lapat.
1074 2616 1126 2682 lib.

117 2723 132 2752 ιι
156 2703 185 2760 b.
202 2709 222 2761 t.
234 2705 264 2761 4.
277 2720 303 2763 e.
318 2705 348 2763 7.
363 2721 396 2763 n.
409 2703 438 2762 4.
455 2710 540 2780 putat
557 2700 670 2762 facilius
689 2718 774 2780 posse
787 2703 925 2780 presumi
938 2702 970 2761 in
983 2701 1129 2765 militibus

116 2807 131 2838 ιι
155 2787 362 2863 praesidiariis3
384 2789 456 2847 item
478 2789 508 2846 in
526 2787 650 2857 aulicis,
671 2786 831 2859 studiosis,
848 2786 971 2864 aliisque
983 2788 1131 2849 academi-

115 2892 130 2923 ιι
152 2871 209 2942 cis,
228 2878 286 2931 etc.
303 2873 356 2948 qui
372 2871 542 2949 frequenter
562 2873 814 2937 communicantes
831 2880 915 2932 extra
929 2873 1131 2953 suspicionem

114 2977 128 3008 ιι
152 2971 214 3015 essa
230 2955 417 3016 solentVide
431 2958 537 3037 Lapat.
552 2953 574 3016 t.
588 2975 614 3016 e.

157 3064 171 3094 ιι
185 3041 215 3100 9.
229 3040 260 3102 Si
275 3041 305 3100 in
318 3040 456 3100 Paschate
473 3042 532 3100 sint
544 3043 609 3120 vagi
622 3086 630 3115 ,
643 3042 809 3122 peregrini,
823 3052 854 3102 ct
870 3041 990 3102 advenae
1001 3085 1010 3114 ‚
1022 3059 1133 3106 secun-

112 3147 127 3182 ιι
151 3122 225 3186 dtim
244 3127 421 3186 sententiam
435 3125 619 3204 probabilem
634 3129 796 3188 multorum
809 3173 817 3200 ‚
828 3125 979 3187 utSoncb.
989 3123 1129 3191 demetr.

110 3231 126 3264 ιι
149 3204 171 3269 l.
187 3211 215 3272 5.
232 3207 263 3271 d.
279 3211 328 3271 57.
345 3211 463 3292 Fopnn.
475 3227 565 3290 pree.
585 3213 613 3270 4.
629 3208 711 3272 acet.
723 3209 745 3272 t
762 3231 786 3273 e.
805 3230 831 3271 c.
843 3212 873 3271 8.
886 3207 976 3271 Corsi.
992 3209 1028 3272 de
1041 3211 1128 3294 Lupo

111 3316 125 3349 ιι
151 3290 172 3353 4.
184 3312 210 3356 o.
223 3295 320 3356 Dion.
334 3313 368 3378 p.
380 3297 410 3356 9.
428 3302 451 3356 t.
464 3297 493 3356 9.
507 3312 535 3354 r.
547 3297 596 3356 49.
1046 3319 1049 3322 ’

150 3379 225 3440 lluie
248 3381 443 3443 adversantur
463 3382 546 3441 Cant.
563 3384 673 3443 Tourn.
697 3378 733 3442 de
748 3379 843 3443 Ench.
868 3399 935 3463 cop.
959 3383 989 3442 b.
1013 3389 1074 3444 art.
1095 3385 1127 3447 9.

108 3470 177 3543 post
205 3461 294 3524 ronst.
320 3469 350 3527 4.
374 3467 472 3540 Qnaer.
502 3467 531 3526 9.
554 3473 581 3526 et
600 3467 692 3528 Hono.
712 3485 739 3527 e.
765 3469 795 3528 4.
828 3484 859 3547 q.
884 3470 915 3528 9.
940 3485 968 3526 r.
997 3468 1029 3527 9.
1058 3486 1129 3531 anna
1222 3485 1224 3495 ’

110 3542 262 3613 Borboso,
287 3556 315 3606 et
336 3551 473 3625 Passen,
500 3549 650 3626 dicentes,
671 3549 750 3630 qndd
783 3551 903 3612 advenae
931 3551 1042 3612 dobent
1074 3570 1128 3612 su·

111 3639 192 3684 mere
207 3631 448 3691 corporationem
468 3633 633 3709 paschalem
655 3635 693 3698 dc
710 3652 800 3698 manu
822 3635 942 3715 parochi
958 3636 1034 3711 loci,
1053 3637 1127 3717 quia
