2450 3975
115 221 175 286 198
347 217 414 282 Ecb.
429 219 460 280 6.
474 218 573 281 mccc.
585 216 615 279 3.
629 214 888 279 lleEucltoristie.

150 325 294 386 Preteree
311 319 479 400 excipitur,
495 317 565 381 cuim
577 317 737 398 Episcopus
753 317 784 378 in
797 318 897 398 ulique
910 335 977 380 casu
991 319 1129 399 partien-

112 407 168 470 lcri
182 407 222 472 ob
232 406 346 486 justam
363 421 482 466 oausam
496 403 664 483 dispensat,
681 410 717 463 ut
732 411 813 463 extra
823 403 980 466 Ecclesiam
992 403 1125 466 celebre·

111 501 180 568 turc
193 508 264 554 nam
276 489 430 570 Episcopi,
446 486 515 552 licit
533 484 624 549 bodie
641 487 778 550 facultate
796 497 913 552 careant
930 489 1124 570 permittendi

112 575 151 636 ad
167 574 216 637 sul
233 574 376 650 libitum,
398 582 431 634 ut
451 573 483 634 in
502 572 626 653 privatis
643 571 781 634 domibus
802 590 918 634 sacrum
939 572 1008 651 fiat,
1029 593 1123 652 quam

111 660 184 724 olim
203 658 367 731 habebunt,
383 657 460 721 sicut
477 666 598 738 epporet
616 675 654 718 ex
670 675 737 718 ceo.
752 654 934 738 uictorum,
953 657 1021 720 dist.
1039 661 1068 720 1.
1082 658 1123 722 de

112 745 248 806 dentem
260 744 313 806 nbi
331 742 463 822 permitti
482 740 592 802 dieitur
610 740 760 802 celebrere
782 741 818 801 in
838 737 908 805 locis
925 740 962 804 ab
974 741 1121 825 Episcopo

112 826 303 898 mmet,
314 823 361 888 oef
374 824 429 888 ubi
438 826 501 909 ipse
514 823 693 920 pemfserit.
704 827 740 896 Et
753 843 789 887 cx
802 844 869 900 coo.
883 824 1118 908 decerpentis

112 914 153 974 lc
172 909 262 984 loeis,
280 909 317 972 io
335 907 443 988 quibu
460 910 625 992 Episcopus
645 908 786 994 proprius
800 906 936 991 jusserit.
956 911 993 972 Et
1013 911 1122 974 mclids

111 1013 282 1075 expressum
299 995 359 1056 fuit
384 993 417 1056 in
437 1011 505 1074 cop.
520 996 560 1055 fo
579 990 629 1056 ftis
654 995 704 1056 50.
726 992 762 1056 de
778 989 886 1076 privil.
904 993 957 1054 nbi
986 993 1121 1058 decrevit

111 1080 262 1144 Emodus
277 1080 342 1142 111.
362 1076 445 1157 qudd
461 1078 567 1140 fratres
579 1078 709 1140 minores
719 1123 728 1156 ,
738 1087 768 1140 et
780 1079 986 1140 Praedicatores
997 1087 1122 1162 propter

111 1161 286 1225 eorumdem
303 1162 494 1241 privilegium
509 1163 702 1242 apostolicum
720 1162 866 1224 celebrare
886 1170 1021 1242 poterant
1035 1164 1068 1224 in
1080 1165 1122 1226 el·

110 1247 169 1311 leri
186 1247 318 1327 portatili
339 1247 450 1326 absque
467 1247 586 1308 licentia
601 1247 734 1326 Episcopi
758 1248 834 1324 loci3
854 1255 884 1308 et
905 1247 1052 1308 rationem
1071 1249 1122 1310 ad·

110 1333 214 1406 duxit,
226 1333 295 1412 quia
307 1331 378 1394 olibs
389 1331 496 1393 inutile
511 1332 583 1410 ipsis
591 1331 693 1392 fuisset
704 1332 910 1411 privilegium,
924 1329 994 1392 ciam
1008 1329 1120 1404 absque

109 1416 163 1478 illo
171 1416 235 1492 jam
250 1417 398 1478 celebrare
406 1417 566 1476 valuissent
579 1424 660 1476 extra
674 1417 848 1486 Ecclesiam,
861 1413 1015 1476 accedente
1028 1414 1120 1474 Ordi-

111 1500 190 1562 nerii
207 1499 411 1578 permissione.
423 1499 499 1560 crim
509 1507 607 1560 cotem
620 1497 720 1580 (verbo
732 1510 802 1561 sunt
812 1497 972 1578 pontificis)
984 1495 1025 1560 eis
1040 1495 1121 1558 stibii

108 1580 255 1663 conferret
269 1591 433 1644 meinorato
452 1580 654 1662 indulpeotic,
670 1583 734 1644 sice
751 1602 811 1664 quo
826 1582 859 1644 id
870 1579 1006 1664 prelatis
1019 1599 1120 1642 ocatu-

109 1665 226 1730 eotibeto
240 1661 350 1730 liceret.
370 1666 455 1730 Unde
473 1665 566 1746 probe
585 1667 794 1730 animadvertit
813 1669 850 1728 Ρ.
866 1669 978 1728 Seorez
1000 1673 1071 1728 mm.
1085 1666 1118 1726 5.

109 1755 144 1815 iu
162 1754 194 1813 5.
211 1768 246 1832 p.
264 1750 296 1813 d.
315 1753 365 1814 81.
383 1759 453 1813 nect.
470 1752 501 1811 5.
519 1768 550 1811 e.
568 1750 719 1824 Secundo,
735 1769 801 1812 mm
811 1746 973 1831 sylvestre.
988 1749 1074 1824 Soto,
1088 1757 1119 1812 et

108 1839 268 1910 Noocrro,
282 1837 438 1915 Episcopus
449 1854 510 1898 non
522 1836 648 1897 caruisse
661 1833 823 1916 antiquitis
834 1833 889 1895 bic
899 1834 1035 1894 facultate
1048 1853 1120 1914 pcr-

110 1919 248 1982 mittendi
264 1922 493 1981 celebrationem
509 1919 644 1992 assidue,
666 1929 697 1982 ct
719 1921 828 1999 absque
847 1919 907 1980 ulla
926 1919 1116 1994 messium,

110 2005 179 2082 quic
196 2003 247 2063 illo
265 2003 319 2079 (nit
332 2006 455 2083 Suorez)
470 2022 531 2065 non
544 2012 608 2065 erat
621 2005 816 2084 dispensatio,
831 2005 883 2064 sed
901 2022 970 2063 usus
989 2007 1117 2085 propriae

99 2086 269 2165 ⁴potcstatis.
279 2086 393 2151 Deinde
404 2097 501 2146 tamen
511 2086 631 2147 facultas
646 2086 708 2148 hoec
723 2090 818 2149 ablate
830 2090 886 2149 fuit
900 2088 1047 2166 Episcopis
1061 2108 1118 2167 per

109 2170 318 2234 Tridentioum
329 2188 399 2233 sect.
413 2172 463 2236 22.
474 2170 509 2231 io
519 2172 606 2231 Dece.
619 2168 654 2232 de
667 2168 751 2235 celeb.
763 2172 845 2233 miss.
857 2180 909 2233 etc.
920 2172 1013 2233 relato
1026 2172 1117 2251 suprb

107 2276 141 2318 o.
157 2260 226 2320 557.
242 2259 303 2319 lloc
320 2267 420 2319 tamen
439 2274 500 2318 non
513 2256 646 2317 obstante
651 2302 660 2333 ,
680 2260 877 2319 communiter
888 2259 1020 2319 sentiunt
1036 2261 1115 2333 nb„

107 2340 164 2402 boc
182 2341 408 2420 intelligendum
427 2359 490 2401 esse
508 2340 546 2402 de
565 2341 683 2403 licentia
704 2341 848 2421 perpetui
873 2342 1039 2403 celebrandi
1060 2361 1116 2423 per

109 2425 231 2487 modum
248 2424 366 2486 habittis
376 2470 384 2498 ,
396 2425 480 2503 juxte
492 2426 659 2487 facultatem
677 2444 767 2505 quam
782 2427 915 2505 Episcopi
930 2424 1012 2505 priris
1023 2426 1113 2489 hnbe·

109 2509 196 2590 bant3
206 2520 237 2573 ot
248 2510 372 2572 minime
384 2528 446 2571 esse
461 2511 504 2571 eis
520 2512 646 2571 vetitum
663 2510 832 2588 hujusmodi
851 2510 1009 2573 concedere
1022 2512 1114 2575 licen·

106 2596 180 2657 tiam
198 2613 253 2673 pcr
274 2594 397 2656 modum
417 2592 498 2656 acttis
523 2612 576 2675 pro
593 2596 698 2673 aliquo
720 2603 874 2672 tempure,
896 2595 921 2654 si
936 2594 1015 2671 justa
1037 2595 1115 2657 adsit

107 2697 204 2740 eausa.
219 2681 264 2739 lta
282 2682 321 2740 Ρ.
333 2681 446 2741 Sceorez
460 2676 483 2739 f.
498 2698 523 2740 e.
537 2696 569 2740 o.
580 2676 730 2755 Secunde,
750 2678 783 2738 io
794 2677 878 2757 fine,
892 2680 944 2739 ubi
957 2687 1112 2758 postquam

107 2762 285 2824 necessitatis
307 2782 405 2823 casum
427 2764 562 2843 excepit,
580 2764 623 2823 nit
644 2784 653 2824 ι
671 2765 747 2824 ltem
767 2760 896 2841 facultas
918 2760 978 2823 ftaec
998 2770 1042 2823 est
1057 2780 1114 2843 per

106 2842 226 2906 medem
252 2842 500 2923 disperuatiooi33
521 2842 677 2907 concilium
705 2853 803 2905 aetem
825 2844 863 2906 ob
881 2843 1026 2925 Episcopo
1050 2864 1126 2911 coo.

106 2924 228 2992 obstulit
239 2934 409 3009 potestatem
425 2926 641 2991 rationabiliter
651 2926 843 3008 disponendi
847 2972 857 3003 ,
875 2945 964 3006 qoam
978 2926 1065 2989 babet
1078 2921 1127 2989 ἐπ’

105 3011 275 3097 tujusowdi
296 3012 399 3091 rebus,
420 3015 551 3075 maxime
571 3015 639 3076 euim
659 3016 758 3073 reuersi
781 3013 822 3073 sit
841 3008 992 3071 ocoroiiter
1014 3031 1115 3076 ceces-

105 3100 199 3161 sorio.
219 3100 255 3159 Et
272 3096 373 3157 subdit
391 3116 402 3155 a
421 3098 553 3162 Tandem
568 3116 644 3159 oses
661 3096 714 3159 icoc
736 3096 907 3177 confirmet,
929 3092 1002 3174 quio
1017 3094 1061 3157 ito
1072 3097 1114 3177 fit

106 3186 170 3247 sice
191 3180 254 3245 ulio
275 3178 427 3263 competo.
444 3183 526 3250 ldem
550 3182 623 3241 dicit
641 3182 797 3242 Boooeiou
820 3180 854 3243 de
876 3178 1008 3241 Eoehur.
1027 3180 1059 3243 d.
1078 3185 1110 3243 l.

105 3285 158 3348 pet.
171 3265 228 3329 ult.
241 3286 295 3329 ou.
311 3269 360 3327 11.
374 3267 447 3327 ubic
460 3267 626 3347 Episcopus¹
639 3271 734 3347 potest
749 3266 782 3325 io
800 3284 871 3328 coste
888 3262 1008 3347 utiquc,
1022 3264 1111 3347 justet

106 3361 291 3414 concurrente
309 3356 419 3429 mese,
439 3350 628 3433 dispensare,
644 3358 678 3411 ot
694 3348 787 3413 misso
805 3360 891 3413 extro
903 3346 1062 3411 Ecclesiam
1077 3351 1111 3413 io

106 3428 166 3493 loco
180 3434 296 3497 lucsco
308 3435 473 3498 celebretur.
484 3440 520 3498 Et
531 3438 600 3497 citat
609 3431 806 3517 Eepfoofdelo
813 3482 822 3512 ‚
837 3435 913 3517 Bcjo
925 3478 933 3505 ‚
945 3442 973 3495 et
987 3432 1109 3497 Cercetio.

105 3514 141 3569 Et
159 3514 265 3572 deinde
281 3521 396 3579 Boecc.
417 3540 448 3580 sc
462 3523 554 3582 refert
569 3521 607 3581 od
622 3523 653 3581 id
671 3521 750 3598 qnod
769 3522 839 3581 alibi
849 3522 898 3599 (tr.
913 3519 947 3580 de
962 3516 1016 3599 isp.
1031 3518 1062 3580 d.
1077 3523 1108 3581 1.

106 3605 136 3662 ‘l-
154 3592 184 3646 2·
199 3602 279 3663 pas-t.
294 3600 322 3653 l·
338 3618 368 3657 c.
384 3603 445 3675 to.)
459 3607 578 3686 scripsit
591 3648 599 3673 ,
617 3604 667 3664 ubi
686 3622 852 3667 sennonem
871 3605 977 3665 faciens
992 3604 1030 3665 dc
1045 3603 1109 3683 opi-
