2450 3975
123 193 185 260 7544
354 193 418 262 nt.
432 195 463 259 8.
481 197 579 260 Troct.
592 194 624 257 5.
636 194 681 258 De
693 190 894 258 Brubomstio.

125 323 139 351 r
163 313 222 377 qne
241 295 281 360 de
301 297 390 359 sacris
410 296 560 372 vestibus,
580 297 654 356 item
673 294 712 356 de
733 295 897 372 corporali,
918 297 1047 376 pyxide.
1071 306 1126 363 etc.

125 408 140 438 s
161 403 228 530 puro
240 381 412 446 immediate
426 391 553 463 tangam
567 381 694 461 species,
707 390 805 444 censet
816 379 918 445 Tomb.
928 381 964 445 de
975 401 1126 466 ecpmocr.

125 491 139 521 s
176 471 226 529 .4.
237 485 263 530 o.
277 470 309 529 5.
343 469 395 529 A.

161 551 231 613 580.
245 582 286 599 -
299 467 451 627 Qffreritnr
469 553 494 612 4.
514 553 560 612 dn
580 551 700 626 calices,
721 557 752 611 et
770 550 826 611 aiio
847 564 1018 615 remaneant
1038 555 1128 620 bene-

123 634 220 707 dicta,
237 636 263 697 si
281 639 348 715 quis
366 639 398 697 in
416 637 476 697 iilis
496 631 639 696 sacrificet
660 633 793 696 nondnrn
812 635 994 698 benedictis?

162 719 269 783 erim
280 722 425 783 cententio
438 721 625 782 communior
638 729 741 798 negat,
751 737 840 798 quem
852 727 954 782 tenent
964 723 1054 787 crois
1064 723 1086 788 l.
1096 729 1125 790 8.

121 823 155 886 p.
168 807 198 868 8.
211 825 245 867 ιι.
257 806 327 868 588.
338 803 466 867 etSoim.
479 813 517 866 tr.
527 807 557 866 8.
567 823 593 864 ι.
604 807 634 866 4.
645 822 677 886 p.
688 807 717 864 4.
729 823 761 865 ιι.
775 805 824 864 oo.
839 806 1010 888 cumbupo,
1021 811 1126 892 Ldpm.

123 891 264 953 decreto.
279 893 317 952 iit
339 890 416 951 banc
430 891 613 969 probsbiiem
627 888 854 952 amoenante.
866 893 927 952 be.
939 893 1128 970 tetes.

123 977 208 1037 Ratio
226 976 277 1056 (ut
293 977 335 1036 ait
355 975 478 1055 Tomb.)
493 978 584 1056 quia,
607 975 676 1038 licdt
697 993 751 1054 per
774 983 941 1038 contactum
963 981 1129 1058 specierum

121 1075 270 1122 sacrarum
286 1079 334 1123 res
353 1070 579 1134 consecrentur,
598 1069 634 1121 ut
649 1057 759 1122 indicat
777 1063 808 1122 8.
821 1062 899 1144 dep.
920 1063 1005 1144 opud
1022 1067 1126 1130 Tarsia.

126 1145 242 1207 Vero...
255 1148 321 1228 ipso
334 1147 500 1208 ministerio
515 1151 699 1214 consecrato,
711 1154 815 1208 sancto
828 1145 979 1209 dicuntur.
990 1151 1127 1216 Attamen

121 1229 202 1290 aliud
221 1237 266 1293 est
282 1250 347 1294 rem
367 1233 496 1304 merari,
513 1233 593 1292 aliud
612 1233 651 1292 ad
672 1231 847 1292 sacrificinm
869 1233 1026 1312 deputari,
1047 1239 1127 1318 qnod

121 1323 261 1396 oportet,
279 1317 418 1398 qnodque
434 1315 550 1378 tantdm
569 1309 606 1376 tit
626 1333 681 1396 per
700 1316 945 1379 benedictionem.

159 1399 294 1463 semme
314 1402 460 1464 smterrtrb
475 1400 546 1462 verb
566 1419 634 1461 cunr
651 1401 776 1472 nimo,
797 1399 870 1462 Coro.
888 1405 979 1483 Peyr.
1002 1422 1038 1466 oo
1057 1405 1129 1470 otiis

121 1485 204 1566 opud
225 1485 327 1547 romb.
346 1485 406 1561 ab,
426 1502 515 1564 quam
527 1487 589 1563 ipae
601 1487 712 1564 pariter
730 1493 816 1546 vocat
833 1487 1033 1564 probabilem,
1047 1493 1129 1554 aibr-

121 1578 183 1630 mat
199 1570 249 1630 iiio
265 1570 419 1630 remanere
435 1570 605 1642 benedicte,
623 1571 692 1647 quio
706 1587 760 1650 per
778 1580 942 1632 contactum
964 1577 1128 1652 specierum

117 1653 182 1734 jam
199 1654 429 1733 aequivalenter,
444 1653 538 1715 immb
550 1655 717 1716 eminenter
728 1655 795 1716 taiis
810 1656 962 1734 deputatio
978 1657 1125 1722 habetur:

121 1746 153 1802 ct
163 1739 218 1800 boc
230 1741 348 1801 evenire
357 1741 399 1801 ait
409 1737 511 1801 Tomb.
523 1758 556 1799 ιι.
567 1741 597 1800 8.
610 1755 676 1800 eaor
683 1742 742 1816 So,
753 1742 849 1801 tsmsi
862 1741 938 1802 bend
950 1743 1027 1816 tide,
1038 1745 1128 1823 quim

121 1827 147 1887 ei
156 1825 232 1886 maid
241 1824 303 1886 tide
309 1826 484 1887 celebretur.
494 1826 530 1886 iit
539 1825 619 1886 idem
632 1826 784 1904 probabile
796 1839 859 1890 esso
870 1829 958 1887 etiem
972 1847 1029 1906 pro
1038 1834 1130 1892 'vesti-

120 1911 177 1973 bus
194 1911 301 1981 saorla,
314 1919 344 1972 et
358 1912 538 1972 ornamentis
553 1912 652 1972 aitaris
667 1914 709 1972 eit
722 1909 825 1974 Torob.
839 1929 871 1972 ιι.
886 1913 916 1972 4.
933 1916 1130 1978 coroticum

121 1993 1126 2079 Diort,cdmbaecabipsoministeriosacroconoecrationemreoipiant.

160 2081 212 2141 iiis
227 2096 288 2141 non
308 2080 511 2151 obstantibus,
529 2080 610 2142 recte
657 2090 742 2142 utent
758 2078 851 2143 Solos.
866 2088 906 2143 tr.
921 2085 950 2144 44.
964 2102 988 2145 c.
1003 2087 1033 2145 4.
1042 2103 1076 2165 p.
1093 2090 1125 2149 4.

120 2186 153 2233 o·
168 2167 217 2229 88.
231 2165 317 2227 nullo
328 2166 416 2228 modo
425 2165 624 2227 recedendum
635 2098 758 2245 gmina
768 2168 912 2228 sententio
922 2212 931 2242 ,
941 2169 1013 2231 dum
1023 2173 1128 2234 usserit

120 2258 202 2337 Lupo
217 2251 248 2315 d.
262 2252 312 2313 40.
329 2257 396 2313 sect.
417 2254 448 2314 8.
468 2270 501 2313 ιι.
521 2254 590 2325 64..
606 2253 785 2314 contrariam
804 2253 911 2315 meritd
929 2259 1126 2319 communiter

119 2340 201 2417 rejici
220 2338 241 2397 d
257 2338 364 2418 leym.
386 2337 467 2399 Noc.
486 2338 568 2399 Azor
590 2344 644 2399 etc.
667 2338 775 2412 Ratio,
797 2338 865 2415 quie
895 2356 950 2401 nec
971 2341 1060 2403 etiam
1081 2352 1126 2404 est

120 2434 253 2495 certum,
269 2420 363 2483 immb
375 2421 500 2484 omninb
516 2431 658 2502 negetur,
672 2420 753 2502 quod
774 2437 829 2501 per
848 2432 1015 2485 contactum
1029 2443 1125 2487 socra-

120 2509 213 2570 menti
233 2523 281 2569 res
300 2515 472 2567 remaneant
492 2517 667 2569 consecrate
690 2516 779 2587 prout
802 2509 1022 2585 pavimentum,
1043 2511 1125 2572 siibi

119 2592 234 2654 decidet
249 2600 481 2663 sacramentum,
495 2594 580 2653 nniio
598 2592 688 2652 m'odo
706 2600 839 2651 remanet
858 2601 1015 2654 sacratum.
1028 2595 1126 2669 Quare

119 2677 246 2742 secunda
261 2678 406 2738 sententie
424 2694 484 2738 non
507 2679 576 2738 s‘atis
594 2685 657 2737 tute
676 2686 797 2757 apparet
809 2720 817 2750 ,
830 2686 865 2738 nt
880 2678 955 2739 bend
967 2680 1009 2739 ait
1020 2680 1125 2743 Esoob.

120 2762 142 2823 4.
159 2765 207 2822 ii.
220 2780 255 2820 ιι.
269 2764 340 2822 477.
359 2762 432 2823 ddm
451 2764 554 2825 saitem
570 2763 690 2823 videtur
709 2778 771 2823 esse
788 2762 886 2823 dubiae
899 2764 1126 2841 probabiiitstis.

120 2849 166 2909 An
179 2844 345 2906 verdlieeat
356 2846 504 2908 eeiebrare
520 2865 588 2908 cum
605 2848 694 2908 calice
714 2858 775 2908 non
786 2846 947 2907 deaurato?
962 2846 1034 2909 Vide
1045 2846 1126 2910 dicto

118 2949 151 2992 ιι.
173 2930 242 2989 eto.
257 2926 328 2989 dub.
348 2930 378 2989 5.
392 2932 429 2989 iit
444 2947 482 2989 an
500 2944 569 2991 cnm
589 2932 679 2991 catice
700 2945 736 2990 ex-
753 2938 880 3003 stanno,
900 2932 947 2991 uel
970 2946 1046 3005 aere,
1072 2944 1127 2995 eut

119 3012 305 3075 aurichalco?
321 3010 393 3073 Vide
408 3009 481 3072 ibid.
498 3012 529 3073 d.
549 3013 619 3077 aab.
640 3014 669 3075 5.
686 3012 719 3073 io
732 3012 804 3093 fiete.
1146 3034 1149 3039 ·

17 3118 24 3126 ’
157 3100 226 3159 584.
241 3089 282 3141 -ὲ
298 3096 410 3156 bicone
429 3104 528 3157 autern
551 3091 628 3159 Gon.
649 3099 780 3166 Averso,
800 3094 879 3157 Boc.
897 3100 927 3156 et
947 3094 1052 3159 romb.
1068 3118 1123 3183 op.

121 3183 210 3248 Groioc
226 3178 247 3243 l.
265 3199 292 3243 o.
306 3196 339 3241 rt.
356 3180 425 3241 555.
442 3179 523 3259 qubd
545 3183 664 3243 abbates
680 3189 846 3241 exercentes
860 3180 1040 3242 Pontificalia
1055 3203 1127 3262 poe-

117 3278 188 3328 sunt
202 3266 373 3329 benedicere
389 3266 511 3338 calices,
523 3277 555 3329 et
570 3266 747 3328 indumenta
763 3282 842 3326 sacra
856 3286 864 3326 ι
880 3264 1054 3327 indumenta
1066 3287 1125 3347 pro

117 3352 177 3409 suis
194 3350 310 3412 tentrim
322 3349 474 3424 Ecclesiis,
487 3354 588 3413 calices
601 3350 674 3413 verb
694 3350 783 3412 etiem
800 3368 855 3429 pro
875 3352 987 3412 alienis.
1002 3351 1059 3412 Sed
1071 3354 1126 3413 ad-n

116 3440 199 3489 verte
211 3432 363 3495 decretum
378 3432 544 3498 dissentiri}
556 3437 626 3501 VH.
640 3437 764 3497 albeum
776 3442 860 3497 utrm.
878 3438 945 3499 578.
961 3437 1011 3497 ubi
1027 3437 1125 3497 decin-

115 3517 215 3604 raturp
232 3515 312 3588 fuit,-
327 3518 447 3586 abbates
466 3522 583 3584 tentiam
597 3538 653 3602 pro
664 3522 724 3581 sois
737 3522 888 3595 Ecclesiis,
904 3537 963 3583 non
983 3520 1054 3581 verb
1067 3536 1125 3599 pro

116 3586 238 3665 ⁶¹¹⁰¹¹¹⁸s
261 3598 351 3659 etiam
373 3602 411 3663 de
433 3604 554 3669 licentia
573 3605 822 3687 ordinariorum,
846 3626 929 3689 posse
951 3604 1125 3669 benedicere
