2450 3975
136 186 193 245 tut
385 181 450 245 Lib.
463 183 492 243 o.
511 184 609 243 Tract.
621 182 649 242 l.
664 182 710 243 Dc
722 180 905 261 paenitentia.

133 286 188 347 Dei
207 304 326 362 umore,
348 282 458 361 absque
470 298 505 342 eo
527 280 606 361 qubd
623 282 662 343 sit
677 279 906 359 prredominans.
924 283 998 343 ltuie
1022 290 1146 345 senten-

134 371 183 431 tim
203 368 302 449 aperti
317 370 395 429 lavet
408 370 450 427 D.
469 364 524 427 Tb.
542 366 576 427 in
594 362 701 441 Quadi.
721 365 753 424 tt
778 373 837 427 ert.
863 368 892 425 t.
910 365 962 425 ubi
984 376 1145 446 postquam

133 454 226 525 dixit,
245 453 323 533 qubd
329 470 385 535 prr
395 450 489 515 solem
505 449 709 511 contritionem
719 447 882 510 dimittitur
893 460 1068 531 peccatam,
1089 471 1148 511 en-

134 546 253 621 thncm
269 535 454 611 absolvatur,
469 534 574 595 addit.-
591 533 774 615 Quundoque
785 535 943 615 continuit,
958 536 1038 615 qubd
1046 534 1152 616 elium

132 644 194 687 non
210 622 336 705 perferte
361 619 481 683 contriti
502 620 610 681 uirtute
643 616 773 681 clunium
800 621 932 700 pretium
958 620 1150 683 contritionis

133 716 362 789 consequuntur.
376 704 536 783 Distinguit
548 703 619 783 ergb
639 705 670 763 S.
684 704 794 764 Ductor
805 713 895 780 prout
915 705 1025 783 pariter
1038 705 1149 766 distin-

134 799 200 878 guit
213 796 421 856 Tridentinum
444 791 496 870 (ut
515 808 585 851 mox
610 787 811 867 videbimus),
834 788 912 849 inter
933 791 1150 851 contritionem

134 882 292 961 perlectam
307 896 374 956 quae
388 882 469 936 extra
484 885 702 936 sacramentum
718 872 878 951 justificat,
901 883 931 935 et
943 876 1149 953 imperfectam

134 984 200 1045 quta
212 962 395 1040 justificatio
411 967 613 1033 sacramento,
631 968 661 1018 et
679 957 741 1019 brec
762 976 823 1019 non
837 958 897 1019 alia
910 959 1033 1038 quidem
1057 959 1149 1021 debet

134 1050 257 1127 intelligi
272 1046 360 1125 quim
373 1045 487 1107 attritio
500 1089 508 1120 ,
521 1045 597 1107 sicut
617 1044 811 1125 intelligitur,
823 1052 854 1105 et
870 1046 1036 1125 appellatur
1054 1044 1150 1108 ir'l'ri·

134 1135 266 1195 dentino.

103 1282 107 1299 ‚
173 1218 262 1279 Prob.
280 1220 309 1279 l.
321 1234 357 1279 ex
368 1216 434 1279 eod.
446 1216 531 1279 Trid.
547 1232 619 1279 sess.
630 1217 679 1278 lb.
692 1232 716 1277 c.
730 1216 760 1276 l.
776 1214 828 1274 ubi
845 1214 888 1274 sie
904 1215 1039 1275 dicitur:
1056 1216 1150 1278 Docet

131 1311 296 1390 praetcrea,
310 1300 367 1365 cisi
378 1302 582 1365 corrtritionem
602 1301 679 1363 bunc
700 1296 864 1379 aliqnando
884 1298 1027 1359 ebaritate
1047 1298 1149 1381 perfir-

134 1398 212 1451 rtam
224 1405 283 1449 csse
297 1384 470 1467 continpct,
482 1384 686 1464 hominemque
697 1386 761 1445 Deo
773 1380 959 1445 reconciliari
967 1382 1146 1463 prinsquam

133 1470 186 1535 boc
201 1478 419 1533 sacramentam
444 1478 512 1530 actu
529 1469 711 1550 suscipiatur
721 1514 733 1546 ,
759 1470 857 1550 ipsam
882 1464 1078 1529 nibilonrinis
1099 1486 1146 1528 re·

133 1554 365 1619 conciliationem
382 1553 442 1636 ipsi
458 1552 631 1616 contritioni
644 1553 709 1615 siue
723 1552 903 1615 snuamcnti
917 1559 984 1613 coto
996 1596 1004 1621 ‚
1016 1549 1095 1633 quod
1112 1552 1145 1611 in

133 1638 189 1703 illu
206 1637 388 1716 includitur,
411 1655 472 1699 uon
488 1654 547 1699 esse
571 1636 805 1699 adscribendam.
828 1634 921 1697 idem
940 1636 1009 1697 ocri
1034 1636 1144 1696 contri·

135 1727 242 1789 tioncm
267 1722 485 1804 imperfectum,
506 1738 573 1803 orte
594 1722 711 1784 attritio
727 1721 856 1794 dicitnr‚·
877 1719 1020 1800 quonium
1038 1717 1085 1779 uel
1108 1738 1144 1781 ca

134 1810 332 1893 turpitudinis
352 1809 465 1891 percuti
482 1804 727 1883 consideratione,
740 1804 786 1867 uel
800 1827 837 1869 erc
867 1805 986 1867 ebertrue
997 1813 1027 1865 ct
1043 1824 1144 1887 paena

132 1914 201 1955 nrm
228 1904 308 1955 metu
331 1893 525 1955 corrrmnniter
552 1891 739 1973 concipitnr3
756 1890 786 1952 si
806 1826 986 1951 uellentatem
1003 1888 1145 1971 pereundi

132 1974 268 2040 excludat
287 1996 354 2039 cum
365 1995 416 2056 spe
432 1976 544 2052 uenire,
556 1975 689 2038 declarat
700 1995 762 2038 non
779 1970 874 2036 solini
892 1994 954 2036 non
972 1972 1069 2054 facere
1092 1973 1144 2036 bo-

131 2064 241 2122 minem
255 2059 455 2144 hypocritam.
464 2069 494 2120 et
503 2059 597 2141 inopis
608 2067 802 2140 peccatorem,
819 2060 922 2120 uerum
932 2058 1022 2119 etiarn
1032 2057 1145 2122 donum

132 2146 190 2208 tter·
209 2163 286 2218 esse,
300 2153 327 2205 ct
342 2143 474 2226 Spiritus
487 2146 519 2206 S.
531 2142 695 2224 impulsum
707 2187 716 2215 ‚
728 2162 789 2204 uon
810 2143 909 2205 udbrcc
925 2141 1043 2223 quidem
1055 2142 1145 2206 inbu-

132 2231 274 2304 citantis,
298 2228 350 2292 sed
371 2229 488 2290 tautum
506 2229 666 2304 mouentis,
683 2246 742 2310 quo
761 2226 908 2310 poerritcns
925 2226 1048 2309 adjutus
1063 2230 1148 2290 uiam

131 2316 189 2379 sibi
209 2315 250 2376 cd
262 2313 416 2396 justitiam
430 2321 531 2396 perot.
546 2315 588 2374 Et
600 2311 738 2395 quemuis
760 2311 826 2373 sinc
846 2320 1030 2374 sacramento
1047 2317 1144 2395 poeni-

133 2399 231 2460 teutiae
241 2418 294 2480 per
303 2416 332 2459 se
344 2397 383 2458 nd
393 2397 639 2480 justificationem
649 2396 804 2478 perducere
813 2405 993 2476 peccatorem
1004 2409 1143 2479 nequeat,

133 2491 231 2546 tannen
248 2501 315 2544 cum
330 2481 370 2542 ud
380 2481 439 2543 Dei
455 2481 588 2564 pretium
606 2483 840 2544 insacramcnto
851 2481 1030 2562 penitentiae
1049 2481 1143 2564 irrepe-

132 2567 273 2631 trcudcm
290 2566 431 2649 disponit.

170 2653 321 2729 objiciunt
338 2651 512 2723 adversarii,
530 2651 610 2732 qubd
621 2651 778 2712 concilium
796 2651 845 2730 (ut
862 2652 953 2713 reiert
967 2649 1058 2712 Cerd.
1073 2649 1144 2713 Pet

131 2733 288 2814 invicinus)
309 2744 376 2814 post
391 2753 528 2816 magnam
544 2736 788 2814 disceptationem
812 2736 923 2798 delevit
937 2736 1062 2796 verbum
1075 2735 1143 2816 suf·

131 2820 195 2906 sirit
205 2865 213 2893 ‚
225 2831 310 2881 antea
324 2821 357 2880 in
378 2821 497 2883 decreto
516 2824 668 2899 positum,
685 2831 717 2881 et
731 2822 885 2883 substituit
903 2823 1030 2884 verbum
1041 2819 1142 2902 dispo-

131 2907 198 2984 nit,·
209 2905 276 2968 ideb
289 2905 394 2967 dicunt
406 2908 590 2968 attritionem
603 2908 668 2966 sine
683 2905 826 2970 charitate
837 2909 994 2990 disponere
1006 2908 1142 2986 quidem,

131 2991 183 3054 sed
202 3009 263 3052 non
289 2989 423 3050 sufficere
443 2989 481 3052 ad
500 2991 627 3068 gratiam
651 2992 684 3052 in
702 3002 886 3056 sacramento
914 2992 1142 3072 suscipiendam.

106 3073 111 3082 '
132 3075 189 3140 Sed
201 3073 395 3156 respondetur
405 3078 514 3137 imum
527 3075 639 3149 Gonni,
652 3077 740 3140 bien.
753 3073 776 3138 l.
792 3096 818 3139 c.
829 3076 997 3156 qubdiltud
1008 3074 1145 3157 disponit

131 3163 212 3226 idem
234 3159 379 3241 significat
394 3178 428 3222 ae
446 3155 577 3240 sufficit,
593 3179 664 3224 nam
684 3179 719 3222 ca
734 3160 886 3240 dispositio
903 3179 964 3222 non
977 3169 1077 3238 potest
1094 3163 1143 3223 in-

131 3244 224 3324 telligi
238 3247 277 3308 de
295 3245 485 3325 dispositione
500 3254 629 3322 remota,
645 3245 715 3309 eum
732 3247 845 3307 attritio
860 3246 948 3307 etiam
964 3245 1028 3306 sine
1045 3264 1143 3309 saera·
1214 3247 1217 3254 '

130 3339 252 3398 orento,
273 3329 418 3408 quatenus
439 3339 484 3390 cst
505 3331 560 3389 Dei
581 3331 714 3403 donum,
736 3327 851 3392 remote
863 3329 985 3407 quidem
1003 3327 1144 3408 disponat

130 3409 166 3499 ad
180 3412 307 3484 gratiam
319 3457 328 3487 ,
338 3417 415 3477 sicut
428 3413 575 3492 disposuit
587 3415 733 3476 Ninivitas
749 3413 786 3473 ad
801 3413 1019 3492 impetrandam
1034 3415 1143 3474 remis-

129 3502 240 3547 sionem
263 3511 379 3570 poenae,
410 3507 444 3558 ut
458 3498 533 3559 dicit
553 3499 730 3572 concilium3
752 3494 824 3573 ergo
843 3495 1007 3560 necessarii
1028 3495 1142 3557 intelli-

129 3565 222 3636 senua
245 3582 289 3630 est
301 3575 339 3636 de
357 3579 549 3658 dispositione
566 3582 700 3662 proxima
716 3577 893 3663 adgrauata
909 3583 1142 3648 insonaturum
