2450 3975
276 184 281 188 ’
337 201 410 281 Cep.
427 200 461 258 l..
474 198 519 259 De
531 197 715 260 contritione.
727 193 804 258 Ded.
820 198 850 256 2
1028 195 1080 255 501

84 316 129 367 tus
149 305 186 366 ad
205 302 414 366 consessionem
430 301 574 361 relatione
592 298 776 358 antecedenti
789 342 798 370 ,
811 297 967 357 ordinatur
985 305 1083 357 tamen

84 390 220 451 relatione
238 384 447 464 consequenti,
464 383 500 447 eir
520 383 599 461 qudd
618 392 690 444 tune
703 382 799 442 adhuc
815 383 982 443 verificatur
998 381 1083 442 dolor

85 475 208 557 patelieri
224 491 277 554 per
290 471 512 534 confessionem.
527 470 685 531 Affirmant
700 466 771 529 verb
789 469 866 529 Boe.
881 469 991 547 δαρτὰ,
1004 469 1084 528 Boot

86 581 114 642 p.
135 563 164 621 5.
191 567 272 641 port.
293 560 324 617 7.
349 576 382 616 rr.
410 558 459 616 l7.
487 559 572 616 Cone,
599 551 620 613 l.
648 573 673 613 c.
694 556 821 632 (ditatur
840 554 929 612 etiam
954 551 1082 632 probae

85 645 221 707 scatentia
233 646 272 704 P.
281 644 394 705 Soorez
407 638 478 701 diet.
492 641 541 699 20.
556 646 625 701 rect.
637 640 668 699 i.
682 658 715 699 o.
728 640 791 711 29,
806 638 858 699 sed
868 640 951 717 Lupo
965 634 1020 697 loc.
1033 635 1082 697 cit.

84 728 223 800 ostendit,
235 724 316 807 quod
327 726 418 787 Sutor.
432 732 476 784 est
489 720 585 802 potiris
594 742 649 801 pro
661 741 713 785 sua
728 722 895 799 sententia).
905 722 1003 790 Ratio,
1015 721 1084 798 quia

83 814 154 873 sicut
164 810 315 883 minister,
331 818 383 869 aut
397 802 486 869 etiam
498 808 659 886 suscipiens
671 807 727 868 alia
739 815 919 869 sacramenta
933 806 1021 866 debet
1031 822 1085 881 per

83 898 275 958 intentionem
287 894 425 955 ordinare
438 892 592 953 materiam
605 891 643 951 ad
656 901 869 953 sacramentum
880 899 990 970 ‚prout
1001 888 1085 951 oblu-

81 983 189 1043 tionem
204 979 243 1041 ad
262 978 439 1055 baptismum
451 1019 465 1049 ,,
473 978 520 1039 vel
533 984 643 1036 tactum
656 976 787 1037 materie
799 976 837 1036 ad
849 975 1084 1050 ordinationem,

82 1067 119 1126 ita
138 1064 226 1125 etiam
245 1061 407 1141 suscipiens
424 1068 638 1125 sacramentum
660 1061 841 1137 penitentie
861 1060 950 1120 debet
962 1058 998 1119 ad
1011 1058 1085 1119 illud

83 1148 217 1211 ordinare
237 1146 393 1215 dolorem,
411 1146 462 1222 qui
477 1154 520 1205 est
538 1144 629 1221 hujus
647 1146 821 1205 sacramenti
840 1146 972 1205 materia.
987 1145 1085 1204 Prima

82 1234 221 1295 sententia
236 1240 281 1291 est
298 1228 497 1309 probabilior,
513 1230 564 1289 sed
584 1227 652 1289 calm
672 1229 798 1289 secunda
816 1230 904 1289 etiam
921 1230 960 1289 sit
980 1230 1085 1306 proba-

83 1318 169 1395 bilis,
191 1324 262 1379 ante
282 1316 497 1393 susceptionem
520 1314 694 1377 aeramenti
711 1312 803 1375 tuliis
816 1314 901 1377 docet
914 1313 1038 1377 Coeden.
1052 1316 1086 1374 io

81 1420 165 1485 prop.
183 1404 211 1463 l.
228 1402 333 1463 Ioooo.
349 1400 384 1461 X
383 1402 410 1459 1.
424 1397 500 1459 hanc
515 1416 578 1461 esse
595 1398 785 1477 sequendam.

117 1488 184 1547 ll8.
198 1518 238 1532 -
255 1484 404 1558 Queritur
422 1484 490 1543 llll.
501 1484 547 1545 An
561 1483 586 1543 si
599 1484 667 1560 quis
677 1484 777 1544 atatim
789 1490 856 1561 post
873 1482 1086 1545 absolutionem

82 1566 1088 1649 confiteturpeeeatumoblitum,teneaturnorumeliceredolorcmt

76 1710 78 1715 s
118 1656 222 1717 Priore
244 1650 389 1716 sententio
409 1654 596 1715 communior
614 1661 720 1732 negat,
742 1662 772 1713 et
792 1652 867 1715 banc
886 1659 989 1713 tenent
1004 1654 1087 1732 Lupo

84 1739 149 1803 dbt.
159 1735 422 1801 lboibdoool.
435 1756 468 1798 o.
481 1737 616 1799 72-Vieo
626 1757 656 1820 q.
668 1741 697 1799 3.
711 1747 769 1799 ert.
780 1738 810 1799 5.
819 1758 851 1798 n.
862 1740 891 1798 8.
904 1738 1084 1813 coanercz,

83 1827 171 1886 Ilorr.
185 1832 214 1885 et
226 1820 377 1885 communi
386 1866 394 1896 ,
404 1818 567 1903 Rooceplio
578 1841 645 1903 cop.
656 1826 685 1883 5.
695 1842 725 1905 q.
736 1826 765 1884 5.
776 1823 827 1901 qui
840 1832 925 1882 vocat
936 1821 1088 1881 moraliter

82 1920 198 1970 certam.
213 1909 324 1990 Sporer
337 1924 392 1966 ott.
407 1907 475 1967 500.
494 1904 580 1968 Elbei
594 1927 629 1990 p.
648 1910 717 1969 att.
731 1927 762 1968 n.
777 1909 827 1969 75.
848 1915 932 1986 putat
948 1905 1088 1984 probabi·

82 1996 218 2056 lissimam
241 2011 310 2054 eum
330 1990 404 2055 eoo.
421 1991 490 2054 Die.
510 1995 604 2055 Hertr.
623 1995 730 2072 Boeo,
747 2003 800 2055 cte.
816 1993 888 2057 item
901 1991 985 2072 opud
998 1991 1088 2051 Croie

81 2099 113 2140 n.
131 2081 199 2140 707.
215 2075 288 2139 Led.
303 2074 409 2153 Solea,
427 2076 530 2138 Eacob.
552 2085 580 2136 et
595 2079 702 2159 Moye,
724 2080 775 2156 qui
794 2078 867 2139 dicit
886 2095 948 2138 esse
967 2075 1088 2136 indubi-

82 2173 169 2226 tatam
186 2161 267 2243 apud
285 2177 387 2221 omnes
398 2204 407 2234 ,
420 2161 472 2221 sed
487 2162 636 2224 immeriti)
658 2173 692 2224 ut
713 2164 889 2224 videbimus.
905 2163 1004 2234 Ratio,
1017 2162 1086 2238 quia

81 2251 162 2328 prior
177 2248 270 2310 dolor
286 2263 317 2305 se
335 2245 467 2306 extendit
487 2248 576 2312 etiam
597 2247 633 2306 ad
655 2256 769 2324 peccata
791 2247 904 2316 oblita,
925 2263 991 2322 quae
1014 2245 1087 2304 dum

81 2333 223 2409 poenitens
242 2328 412 2391 immediate
434 2329 612 2400 confitetur,
636 2331 672 2389 iit
697 2349 793 2390 unum
814 2331 985 2405 moraliter3
1007 2326 1087 2388 recte

81 2417 157 2477 cuim
173 2423 271 2494 potest
291 2432 348 2474 una
369 2414 490 2474 materia
510 2414 644 2491 proxima
660 2416 792 2493 partialis
810 2415 895 2493 plura
909 2416 1087 2481 constituere

82 2508 260 2561 sacramenta
273 2519 282 2574 3
295 2496 376 2558 unde
396 2499 471 2558 sicut
494 2517 562 2558 cum
583 2517 642 2559 una
665 2518 740 2576 aqua
760 2501 860 2578 plures
878 2507 1000 2576 possunt
1021 2498 1086 2561 fieri

82 2582 237 2663 baptismi,
252 2583 292 2644 ita
310 2599 378 2643 cum
399 2601 461 2643 uno
479 2583 599 2654 dolore,
613 2585 665 2661 ¹qui
686 2582 782 2644 adhue
800 2581 966 2662 perseveret
979 2581 1024 2660 (ut
1038 2579 1088 2644 alc

81 2668 266 2747 supponitur)
287 2668 372 2746 plura
394 2677 517 2746 possunt
537 2668 677 2728 constitui
698 2676 876 2728 sacramenta
894 2667 1083 2745 poenitentiae.

116 2751 1083 2832 &onocsententiolamaffirmat,erhanctenenreooporto.

80 2857 111 2898 o.
129 2841 156 2898 l.
170 2841 263 2916 Vosq,
275 2845 377 2916 quest.
393 2839 440 2898 92.
454 2844 511 2897 ort.
527 2839 554 2897 5.
568 2836 638 2900 derb.
655 2840 682 2897 ὅ.
696 2855 728 2897 o.
743 2839 791 2897 lo.
803 2833 873 2900 Fttt.
891 2845 928 2896 tr.
943 2838 973 2896 o.
989 2859 1021 2897 n.
1034 2839 1083 2898 77.

82 2924 183 2996 llatio,
206 2923 274 3001 quia
295 2941 348 3001 per
370 2924 498 3002 primam
519 2923 734 2984 absolutionem
753 2923 815 3001 jam
837 2924 1015 3002 completum
1039 2931 1084 2982 cst

79 3005 244 3083 judicium3
257 3006 327 3086 ergo
341 3008 366 3066 si
380 3008 575 3085 impertienda
586 3018 630 3068 est
643 3027 717 3068 nora
728 3008 889 3078 absolutio,
900 3026 975 3068 nova
986 3008 1085 3084 requi·

81 3092 157 3174 citur
180 3093 301 3154 materia
328 3093 473 3169 proxima.
496 3094 533 3152 Et
555 3095 690 3169 quamvis
711 3094 797 3156 dolor
821 3095 853 3155 in
878 3109 910 3153 se
935 3092 1085 3152 moraliter

82 3185 264 3252 perseveret,
288 3193 349 3239 non
373 3184 473 3238 tamen
497 3179 718 3255 perseveratio
740 3180 845 3241 ordine
870 3176 1085 3243 adserendam

82 3260 293 3324 absolutionem
302 3269 352 3340 ;ut
361 3263 440 3323 enim
450 3261 537 3339 sopri
548 3263 678 3323 diximus
690 3265 721 3322 in
731 3262 1022 3340 praecedentiQuaest.
1030 3261 1083 3320 Xl.

83 3345 272 3420 probabiliter
290 3345 329 3406 ad
345 3346 476 3413 valorem
488 3347 666 3408 sacramenti·
682 3348 867 3426 requiritur,
881 3354 916 3405 ut
926 3344 1012 3403 dolor
1025 3361 1085 3406 non

83 3424 177 3489 soliam
196 3429 235 3489 sit
251 3429 381 3502 elicitus,
400 3429 556 3496 sedetiam
577 3432 691 3492 elicitus
709 3432 741 3490 in
756 3431 860 3492 ordine
875 3428 911 3488 ad
928 3428 1086 3488 absolutio·

84 3527 163 3571 nem.
178 3511 253 3574 Cim
273 3513 343 3593 crgo
364 3513 427 3576 hee
447 3515 572 3576 seeundo
593 3515 738 3574 sententia
761 3515 809 3575 sit.
822 3513 999 3594 probabilis,
1026 3511 1087 3574 imo

84 3594 279 3674 probabilior,
301 3599 334 3657 in
354 3599 437 3678 praxi
459 3597 581 3663 omniuo
602 3596 781 3676 sequendam
802 3615 863 3659 erse
883 3597 985 3658 dicant
1000 3596 1087 3657 Croto
1158 3629 1161 3634 -
