<?xml version="1.0" encoding="UTF-8"?>
<!DOCTYPE html PUBLIC "-//W3C//DTD XHTML 1.0 Transitional//EN"
    "http://www.w3.org/TR/xhtml1/DTD/xhtml1-transitional.dtd">
<html xmlns="http://www.w3.org/1999/xhtml" xml:lang="en" lang="en">
 <head>
  <title>
</title>
<meta http-equiv="Content-Type" content="text/html;charset=utf-8" />
  <meta name='ocr-system' content='tesseract 3.04.00' />
  <meta name='ocr-capabilities' content='ocr_page ocr_carea ocr_par ocr_line ocrx_word'/>
</head>
<body>
  <div class='ocr_page' id='page_1' title='image "./theologiamorali00heilgoog_0503.png"; bbox 0 0 2450 3975; ppageno 0'>
   <div class='ocr_carea' id='block_1_1' title="bbox 103 184 1111 366">
    <p class='ocr_par' dir='ltr' id='par_1_1' title="bbox 103 170 1204 366">
     <span class='ocr_line' id='line_1_1' title="bbox 378 184 1111 267; baseline 0.005 -22"><span class='ocrx_word' id='word_1_1' title='bbox 378 184 470 247; x_wconf 82' lang='lat' dir='ltr'><em>lnrlee</em></span> <span class='ocrx_word' id='word_1_2' title='bbox 487 184 618 267; x_wconf 83' lang='lat' dir='ltr'><em>sopitam</em></span> <span class='ocrx_word' id='word_1_3' title='bbox 633 184 837 247; x_wconf 84' lang='lat' dir='ltr'><em>etdnlioram.</em></span> <span class='ocrx_word' id='word_1_4' title='bbox 1055 190 1111 251; x_wconf 81' lang='grc'><em>475</em></span> 
     </span>
     <span class='ocr_line' id='line_1_2' title="bbox 103 282 1109 366; baseline 0.004 -19"><span class='ocrx_word' id='word_1_5' title='bbox 103 287 163 347; x_wconf 80' lang='grc'><em>476</em></span> <span class='ocrx_word' id='word_1_6' title='bbox 184 284 278 361; x_wconf 81' lang='lat' dir='ltr'><em>Qairl,</em></span> <span class='ocrx_word' id='word_1_7' title='bbox 291 285 320 346; x_wconf 87' lang='lat' dir='ltr'><em>si</em></span> <span class='ocrx_word' id='word_1_8' title='bbox 332 288 399 366; x_wconf 85' lang='lat' dir='ltr'><em>qais</em></span> <span class='ocrx_word' id='word_1_9' title='bbox 418 282 677 366; x_wconf 81' lang='lat' dir='ltr'><em>silseropalosas‚</em></span> <span class='ocrx_word' id='word_1_10' title='bbox 693 282 740 346; x_wconf 89' lang='lat' dir='ltr'><em>ael</em></span> <span class='ocrx_word' id='word_1_11' title='bbox 759 287 905 347; x_wconf 85' lang='lat' dir='ltr'><em>timoratae</em></span> <span class='ocrx_word' id='word_1_12' title='bbox 918 286 1109 351; x_wconf 77' lang='lat' dir='ltr'><em>ronseiente&#39;ee.</em></span> 
     </span>
    </p>
   </div>
   <div class='ocr_carea' id='block_1_2' title="bbox 103 368 1205 459">
    <p class='ocr_par' dir='ltr' id='par_1_2' title="bbox 103 368 1205 459">
     <span class='ocr_line' id='line_1_3' title="bbox 103 368 1205 459; baseline -0.001 -28"><span class='ocrx_word' id='word_1_13' title='bbox 103 372 162 431; x_wconf 85' lang='grc'><em>477</em></span> <span class='ocrx_word' id='word_1_14' title='bbox 182 369 262 431; x_wconf 86' lang='lat' dir='ltr'><em>Dal.</em></span> <span class='ocrx_word' id='word_1_15' title='bbox 281 373 311 430; x_wconf 79' lang='lat'><em>5.</em></span> <span class='ocrx_word' id='word_1_16' title='bbox 328 373 376 430; x_wconf 79' lang='lat' dir='ltr'><em>An</em></span> <span class='ocrx_word' id='word_1_17' title='bbox 401 378 534 431; x_wconf 83' lang='lat' dir='ltr'><em>teneatur</em></span> <span class='ocrx_word' id='word_1_18' title='bbox 550 369 620 452; x_wconf 83' lang='lat' dir='ltr'><em>qais</em></span> <span class='ocrx_word' id='word_1_19' title='bbox 642 368 775 449; x_wconf 71' lang='lat' dir='ltr'><em>compton·</em></span> <span class='ocrx_word' id='word_1_20' title='bbox 789 368 911 451; x_wconf 76' lang='lat' dir='ltr'><em>aliquod</em></span> <span class='ocrx_word' id='word_1_21' title='bbox 930 368 1053 433; x_wconf 80' lang='lat' dir='ltr'><em>mortale</em></span> <span class='ocrx_word' id='word_1_22' title='bbox 1077 372 1111 432; x_wconf 87' lang='lat' dir='ltr'><em>in</em></span> <span class='ocrx_word' id='word_1_23' title='bbox 1135 432 1138 458; x_wconf 33' lang='grc' dir='ltr'>ἰ</span> <span class='ocrx_word' id='word_1_24' title='bbox 1204 411 1205 459; x_wconf 42' lang='lat' dir='ltr'><em>a</em></span> 
     </span>
    </p>
   </div>
   <div class='ocr_carea' id='block_1_3' title="bbox 221 453 711 535">
    <p class='ocr_par' dir='ltr' id='par_1_3' title="bbox 221 453 711 535">
     <span class='ocr_line' id='line_1_4' title="bbox 221 453 711 535; baseline 0 -20"><span class='ocrx_word' id='word_1_25' title='bbox 221 453 329 532; x_wconf 69' lang='lat' dir='ltr'><em>(labio,</em></span> <span class='ocrx_word' id='word_1_26' title='bbox 345 474 386 516; x_wconf 90' lang='lat' dir='ltr'><em>on</em></span> <span class='ocrx_word' id='word_1_27' title='bbox 403 453 479 517; x_wconf 86' lang='lat' dir='ltr'><em>illml</em></span> <span class='ocrx_word' id='word_1_28' title='bbox 494 455 536 516; x_wconf 89' lang='lat' dir='ltr'><em>sit</em></span> <span class='ocrx_word' id='word_1_29' title='bbox 550 453 711 535; x_wconf 73' lang='lat' dir='ltr'><em>consessas.</em></span> 
     </span>
    </p>
   </div>
   <div class='ocr_carea' id='block_1_4' title="bbox 102 527 1207 707">
    <p class='ocr_par' dir='ltr' id='par_1_4' title="bbox 102 503 1207 707">
     <span class='ocr_line' id='line_1_5' title="bbox 102 527 1109 621; baseline 0.002 -20"><span class='ocrx_word' id='word_1_30' title='bbox 102 527 260 601; x_wconf 73' lang='grc'>47819449.</span> <span class='ocrx_word' id='word_1_31' title='bbox 287 543 319 600; x_wconf 91' lang='grc'><em>4.</em></span> <span class='ocrx_word' id='word_1_32' title='bbox 343 542 410 618; x_wconf 76' lang='lat' dir='ltr'><em>An,</em></span> <span class='ocrx_word' id='word_1_33' title='bbox 432 541 486 621; x_wconf 84' lang='lat' dir='ltr'><em>qni</em></span> <span class='ocrx_word' id='word_1_34' title='bbox 506 538 656 620; x_wconf 77' lang='lat' dir='ltr'><em>confessas</em></span> <span class='ocrx_word' id='word_1_35' title='bbox 677 550 722 603; x_wconf 85' lang='lat' dir='ltr'><em>est</em></span> <span class='ocrx_word' id='word_1_36' title='bbox 747 538 872 602; x_wconf 78' lang='lat' dir='ltr'><em>mortale</em></span> <span class='ocrx_word' id='word_1_37' title='bbox 902 540 1109 617; x_wconf 73' lang='lat' dir='ltr'><em>alleluiam,</em></span> 
     </span>
     <span class='ocr_line' id='line_1_6' title="bbox 221 624 1207 707; baseline 0.003 -23"><span class='ocrx_word' id='word_1_38' title='bbox 221 633 356 685; x_wconf 84' lang='grc'>4444444444·</span> <span class='ocrx_word' id='word_1_39' title='bbox 377 635 520 705; x_wconf 80' lang='lat' dir='ltr'><em>repelare,</em></span> <span class='ocrx_word' id='word_1_40' title='bbox 539 624 661 707; x_wconf 83' lang='lat' dir='ltr'><em>qnando</em></span> <span class='ocrx_word' id='word_1_41' title='bbox 683 634 794 687; x_wconf 82' lang='lat' dir='ltr'><em>certam</em></span> <span class='ocrx_word' id='word_1_42' title='bbox 811 624 952 706; x_wconf 80' lang='lat' dir='ltr'><em>opnosoil.</em></span> <span class='ocrx_word' id='word_1_43' title='bbox 974 625 1070 700; x_wconf 83' lang='lat' dir='ltr'><strong><em>Quid,</em></strong></span> <span class='ocrx_word' id='word_1_44' title='bbox 1085 627 1113 687; x_wconf 88' lang='lat' dir='ltr'><em>si</em></span> <span class='ocrx_word' id='word_1_45' title='bbox 1205 624 1207 679; x_wconf 80' lang='grc' dir='ltr'>ἶ</span> 
     </span>
    </p>
   </div>
   <div class='ocr_carea' id='block_1_5' title="bbox 217 708 1113 791">
    <p class='ocr_par' dir='ltr' id='par_1_5' title="bbox 217 708 1113 791">
     <span class='ocr_line' id='line_1_7' title="bbox 217 708 1113 791; baseline -0.002 -20"><span class='ocrx_word' id='word_1_46' title='bbox 217 711 362 790; x_wconf 68' lang='lat' dir='ltr'><em>poenitens</em></span> <span class='ocrx_word' id='word_1_47' title='bbox 371 719 438 791; x_wconf 88' lang='lat' dir='ltr'><em>post</em></span> <span class='ocrx_word' id='word_1_48' title='bbox 449 710 657 789; x_wconf 65' lang='lat' dir='ltr'><em>eonfrrssionem</em></span> <span class='ocrx_word' id='word_1_49' title='bbox 676 712 768 787; x_wconf 80' lang='lat' dir='ltr'><em>sciat,</em></span> <span class='ocrx_word' id='word_1_50' title='bbox 783 712 939 771; x_wconf 86' lang='lat' dir='ltr'><em>materiam</em></span> <span class='ocrx_word' id='word_1_51' title='bbox 949 708 1113 791; x_wconf 84' lang='lat' dir='ltr'><em>soipeeoati</em></span> 
     </span>
    </p>
   </div>
   <div class='ocr_carea' id='block_1_6' title="bbox 218 793 1209 878">
    <p class='ocr_par' dir='ltr' id='par_1_6' title="bbox 218 793 1209 878">
     <span class='ocr_line' id='line_1_8' title="bbox 218 793 1209 878; baseline 0.002 -23"><span class='ocrx_word' id='word_1_52' title='bbox 218 794 312 875; x_wconf 71' lang='lat' dir='ltr'><em>samse</em></span> <span class='ocrx_word' id='word_1_53' title='bbox 321 815 458 878; x_wconf 74' lang='lat' dir='ltr'><em>prooem,</em></span> <span class='ocrx_word' id='word_1_54' title='bbox 470 796 520 857; x_wconf 83' lang='lat' dir='ltr'><em>sed</em></span> <span class='ocrx_word' id='word_1_55' title='bbox 528 798 589 878; x_wconf 88' lang='lat' dir='ltr'><em>ipse</em></span> <span class='ocrx_word' id='word_1_56' title='bbox 604 793 687 859; x_wconf 87' lang='lat' dir='ltr'><em>nollo</em></span> <span class='ocrx_word' id='word_1_57' title='bbox 701 796 785 859; x_wconf 80' lang='lat' dir='ltr'><em>mom</em></span> <span class='ocrx_word' id='word_1_58' title='bbox 798 794 830 858; x_wconf 77' lang='lat' dir='ltr'><em>iel</em></span> <span class='ocrx_word' id='word_1_59' title='bbox 842 795 956 859; x_wconf 87' lang='lat' dir='ltr'><em>noverit</em></span> <span class='ocrx_word' id='word_1_60' title='bbox 967 804 1109 878; x_wconf 86' lang='lat' dir='ltr'><em>tempore,</em></span> <span class='ocrx_word' id='word_1_61' title='bbox 1208 794 1209 829; x_wconf 64' lang='lat'>³</span> 
     </span>
    </p>
   </div>
   <div class='ocr_carea' id='block_1_7' title="bbox 220 882 604 963">
    <p class='ocr_par' dir='ltr' id='par_1_7' title="bbox 220 882 604 963">
     <span class='ocr_line' id='line_1_9' title="bbox 220 882 604 963; baseline -0.003 -22"><span class='ocrx_word' id='word_1_62' title='bbox 220 897 278 963; x_wconf 77' lang='lat' dir='ltr'><em>qno</em></span> <span class='ocrx_word' id='word_1_63' title='bbox 290 889 441 962; x_wconf 84' lang='lat' dir='ltr'><em>peoeolam</em></span> <span class='ocrx_word' id='word_1_64' title='bbox 449 882 604 942; x_wconf 86' lang='lat' dir='ltr'><em>commisit.</em></span> 
     </span>
    </p>
   </div>
   <div class='ocr_carea' id='block_1_8' title="bbox 471 1044 738 1106">
    <p class='ocr_par' dir='ltr' id='par_1_8' title="bbox 471 1044 738 1106">
     <span class='ocr_line' id='line_1_10' title="bbox 471 1044 738 1106; baseline 0.004 -3"><span class='ocrx_word' id='word_1_65' title='bbox 471 1044 679 1105; x_wconf 74' lang='lat' dir='ltr'>ARTICULUS</span> <span class='ocrx_word' id='word_1_66' title='bbox 699 1048 738 1106; x_wconf 91' lang='lat'><em>11.</em></span> 
     </span>
    </p>
   </div>
   <div class='ocr_carea' id='block_1_9' title="bbox 101 1176 1111 1297">
    <p class='ocr_par' dir='ltr' id='par_1_9' title="bbox 101 1176 1111 1297">
     <span class='ocr_line' id='line_1_11' title="bbox 101 1176 1111 1297; baseline -0.001 -21"><span class='ocrx_word' id='word_1_67' title='bbox 101 1213 228 1290; x_wconf 77' lang='lat' dir='ltr'><em>Quando</em></span> <span class='ocrx_word' id='word_1_68' title='bbox 243 1214 368 1276; x_wconf 81' lang='lat' dir='ltr'><em>sufficiat</em></span> <span class='ocrx_word' id='word_1_69' title='bbox 388 1214 532 1276; x_wconf 81' lang='lat' dir='ltr'><em>confessio</em></span> <span class='ocrx_word' id='word_1_70' title='bbox 549 1216 663 1294; x_wconf 76' lang='lat' dir='ltr'><em>integre</em></span> <span class='ocrx_word' id='word_1_71' title='bbox 677 1176 850 1278; x_wconf 74' lang='lat' dir='ltr'><em>formaliter.</em></span> <span class='ocrx_word' id='word_1_72' title='bbox 967 1232 1039 1297; x_wconf 79' lang='lat' dir='ltr'><em>pap.</em></span> <span class='ocrx_word' id='word_1_73' title='bbox 1054 1215 1111 1275; x_wconf 79' lang='grc'><em>574</em></span> 
     </span>
    </p>
   </div>
   <div class='ocr_carea' id='block_1_10' title="bbox 24 1373 1112 3668">
    <p class='ocr_par' dir='ltr' id='par_1_10' title="bbox 100 1373 1112 1800">
     <span class='ocr_line' id='line_1_12' title="bbox 100 1373 1112 1460; baseline -0.004 -21"><span class='ocrx_word' id='word_1_74' title='bbox 100 1378 161 1439; x_wconf 85' lang='grc'><em>479</em></span> <span class='ocrx_word' id='word_1_75' title='bbox 183 1380 256 1453; x_wconf 84' lang='lat' dir='ltr'><em>Qaae</em></span> <span class='ocrx_word' id='word_1_76' title='bbox 271 1377 312 1439; x_wconf 88' lang='lat' dir='ltr'><em>sit</em></span> <span class='ocrx_word' id='word_1_77' title='bbox 330 1377 485 1460; x_wconf 77' lang='lat' dir='ltr'><em>intepritos</em></span> <span class='ocrx_word' id='word_1_78' title='bbox 505 1373 654 1459; x_wconf 75' lang='lat' dir='ltr'><em>[orinalis.</em></span> <span class='ocrx_word' id='word_1_79' title='bbox 671 1380 714 1437; x_wconf 85' lang='lat' dir='ltr'><em>Et</em></span> <span class='ocrx_word' id='word_1_80' title='bbox 738 1379 807 1459; x_wconf 84' lang='lat' dir='ltr'><em>qais</em></span> <span class='ocrx_word' id='word_1_81' title='bbox 826 1383 977 1440; x_wconf 78' lang='lat' dir='ltr'><em>coartatur</em></span> <span class='ocrx_word' id='word_1_82' title='bbox 992 1374 1112 1456; x_wconf 73' lang='lat' dir='ltr'><em>physice</em></span> 
     </span>
     <span class='ocr_line' id='line_1_13' title="bbox 217 1458 1111 1544; baseline -0.004 -21"><span class='ocrx_word' id='word_1_83' title='bbox 217 1464 361 1543; x_wconf 88' lang='lat' dir='ltr'><em>impotens</em></span> <span class='ocrx_word' id='word_1_84' title='bbox 376 1462 417 1523; x_wconf 80' lang='lat' dir='ltr'><em>ad</em></span> <span class='ocrx_word' id='word_1_85' title='bbox 427 1462 624 1544; x_wconf 76' lang='lat' dir='ltr'><em>inleprilotem</em></span> <span class='ocrx_word' id='word_1_86' title='bbox 631 1461 824 1524; x_wconf 82' lang='lat' dir='ltr'><em>materialem.</em></span> <span class='ocrx_word' id='word_1_87' title='bbox 837 1466 865 1523; x_wconf 89' lang='lat' dir='ltr'><em>l.</em></span> <span class='ocrx_word' id='word_1_88' title='bbox 880 1463 995 1523; x_wconf 84' lang='lat' dir='ltr'><em>Malas.</em></span> <span class='ocrx_word' id='word_1_89' title='bbox 1010 1458 1111 1520; x_wconf 79' lang='lat' dir='ltr'><em>Anlrie</em></span> 
     </span>
     <span class='ocr_line' id='line_1_14' title="bbox 218 1543 1108 1629; baseline -0.008 -21"><span class='ocrx_word' id='word_1_90' title='bbox 218 1556 353 1609; x_wconf 81' lang='lat' dir='ltr'><em>teneatur</em></span> <span class='ocrx_word' id='word_1_91' title='bbox 363 1546 499 1627; x_wconf 79' lang='lat' dir='ltr'><em>eonfitlri</em></span> <span class='ocrx_word' id='word_1_92' title='bbox 520 1548 650 1627; x_wconf 84' lang='lat' dir='ltr'><em>scripto,</em></span> <span class='ocrx_word' id='word_1_93' title='bbox 672 1556 726 1607; x_wconf 85' lang='lat' dir='ltr'><em>ont</em></span> <span class='ocrx_word' id='word_1_94' title='bbox 742 1567 794 1629; x_wconf 89' lang='lat' dir='ltr'><em>per</em></span> <span class='ocrx_word' id='word_1_95' title='bbox 810 1550 907 1629; x_wconf 76' lang='lat' dir='ltr'><em>sipna.</em></span> <span class='ocrx_word' id='word_1_96' title='bbox 921 1548 968 1607; x_wconf 84' lang='lat' dir='ltr'><em>ll.</em></span> <span class='ocrx_word' id='word_1_97' title='bbox 983 1543 1108 1605; x_wconf 84' lang='lat' dir='ltr'><em>Sardus.</em></span> 
     </span>
     <span class='ocr_line' id='line_1_15' title="bbox 218 1628 1112 1715; baseline -0.007 -22"><span class='ocrx_word' id='word_1_98' title='bbox 218 1635 284 1696; x_wconf 87' lang='lat'><em>111.</em></span> <span class='ocrx_word' id='word_1_99' title='bbox 303 1636 434 1715; x_wconf 78' lang='lat' dir='ltr'><em>Ipnoras</em></span> <span class='ocrx_word' id='word_1_100' title='bbox 449 1631 611 1694; x_wconf 80' lang='lat' dir='ltr'><em>idiomatis.</em></span> <span class='ocrx_word' id='word_1_101' title='bbox 627 1633 675 1693; x_wconf 89' lang='lat' dir='ltr'><em>An</em></span> <span class='ocrx_word' id='word_1_102' title='bbox 686 1631 734 1693; x_wconf 83' lang='lat' dir='ltr'><em>lrie</em></span> <span class='ocrx_word' id='word_1_103' title='bbox 756 1640 889 1695; x_wconf 82' lang='lat' dir='ltr'><em>teneatur</em></span> <span class='ocrx_word' id='word_1_104' title='bbox 907 1628 1040 1709; x_wconf 77' lang='lat' dir='ltr'><em>confiteri</em></span> <span class='ocrx_word' id='word_1_105' title='bbox 1057 1646 1112 1709; x_wconf 91' lang='lat' dir='ltr'><em>per</em></span> 
     </span>
     <span class='ocr_line' id='line_1_16' title="bbox 218 1716 711 1800; baseline 0 -22"><span class='ocrx_word' id='word_1_106' title='bbox 218 1718 416 1800; x_wconf 78' lang='lat' dir='ltr'><em>interpretem.</em></span> <span class='ocrx_word' id='word_1_107' title='bbox 431 1722 451 1779; x_wconf 88' lang='lat' dir='ltr'><em>l</em></span> <span class='ocrx_word' id='word_1_108' title='bbox 455 1721 490 1780; x_wconf 83' lang='lat' dir='ltr'><em>V.</em></span> <span class='ocrx_word' id='word_1_109' title='bbox 501 1716 711 1780; x_wconf 84' lang='lat' dir='ltr'><em>Morilandns.</em></span> 
     </span>
    </p>

    <p class='ocr_par' dir='ltr' id='par_1_11' title="bbox 100 1797 1110 1968">
     <span class='ocr_line' id='line_1_17' title="bbox 100 1797 1110 1885; baseline -0.008 -18"><span class='ocrx_word' id='word_1_110' title='bbox 100 1807 161 1867; x_wconf 87' lang='grc'><em>480</em></span> <span class='ocrx_word' id='word_1_111' title='bbox 180 1804 227 1864; x_wconf 78' lang='lat' dir='ltr'><em>An</em></span> <span class='ocrx_word' id='word_1_112' title='bbox 245 1800 438 1865; x_wconf 84' lang='lat' dir='ltr'><em>alsoloemlas</em></span> <span class='ocrx_word' id='word_1_113' title='bbox 461 1800 656 1865; x_wconf 81' lang='lat' dir='ltr'><em>moribundos</em></span> <span class='ocrx_word' id='word_1_114' title='bbox 678 1804 732 1884; x_wconf 84' lang='lat' dir='ltr'><em>qai</em></span> <span class='ocrx_word' id='word_1_115' title='bbox 757 1802 812 1864; x_wconf 84' lang='lat' dir='ltr'><em>dot</em></span> <span class='ocrx_word' id='word_1_116' title='bbox 829 1804 916 1885; x_wconf 79' lang='lat' dir='ltr'><em>sipna</em></span> <span class='ocrx_word' id='word_1_117' title='bbox 933 1797 1042 1861; x_wconf 83' lang='lat' dir='ltr'><em>doloris</em></span> <span class='ocrx_word' id='word_1_118' title='bbox 1060 1818 1110 1861; x_wconf 86' lang='lat' dir='ltr'><em>so·</em></span> 
     </span>
     <span class='ocr_line' id='line_1_18' title="bbox 218 1880 1107 1968; baseline -0.004 -19"><span class='ocrx_word' id='word_1_119' title='bbox 218 1887 326 1949; x_wconf 79' lang='lat' dir='ltr'><em>maort</em></span> <span class='ocrx_word' id='word_1_120' title='bbox 333 1888 474 1968; x_wconf 81' lang='lat' dir='ltr'><em>prasenti</em></span> <span class='ocrx_word' id='word_1_121' title='bbox 480 1934 489 1965; x_wconf 90' lang='lat'>‚</span> <span class='ocrx_word' id='word_1_122' title='bbox 504 1888 579 1967; x_wconf 83' lang='lat' dir='ltr'><em>qaia</em></span> <span class='ocrx_word' id='word_1_123' title='bbox 587 1884 785 1968; x_wconf 86' lang='lat' dir='ltr'><em>possitallrem</em></span> <span class='ocrx_word' id='word_1_124' title='bbox 794 1894 942 1968; x_wconf 81' lang='lat' dir='ltr'><em>perentam</em></span> <span class='ocrx_word' id='word_1_125' title='bbox 952 1880 1107 1964; x_wconf 82' lang='lat' dir='ltr'><em>explicare.</em></span> 
     </span>
    </p>

    <p class='ocr_par' dir='ltr' id='par_1_12' title="bbox 100 1970 1110 2292">
     <span class='ocr_line' id='line_1_19' title="bbox 100 1970 1110 2054; baseline -0.01 -17"><span class='ocrx_word' id='word_1_126' title='bbox 100 1973 155 2038; x_wconf 81' lang='grc'><em>484</em></span> <span class='ocrx_word' id='word_1_127' title='bbox 179 1974 227 2035; x_wconf 76' lang='lat' dir='ltr'><em>An</em></span> <span class='ocrx_word' id='word_1_128' title='bbox 245 1971 437 2035; x_wconf 80' lang='lat' dir='ltr'><em>absolvendas</em></span> <span class='ocrx_word' id='word_1_129' title='bbox 458 1971 598 2054; x_wconf 77' lang='lat' dir='ltr'><em>infirmas</em></span> <span class='ocrx_word' id='word_1_130' title='bbox 620 1970 753 2035; x_wconf 78' lang='lat' dir='ltr'><em>sensiles</em></span> <span class='ocrx_word' id='word_1_131' title='bbox 778 1970 959 2044; x_wconf 78' lang='lat' dir='ltr'><em>destitutas,</em></span> <span class='ocrx_word' id='word_1_132' title='bbox 981 1970 1035 2050; x_wconf 84' lang='lat' dir='ltr'><em>qai</em></span> <span class='ocrx_word' id='word_1_133' title='bbox 1058 1986 1110 2048; x_wconf 86' lang='lat' dir='ltr'><em>per</em></span> 
     </span>
     <span class='ocr_line' id='line_1_20' title="bbox 217 2049 1109 2122; baseline -0.011 -1"><span class='ocrx_word' id='word_1_134' title='bbox 217 2057 416 2122; x_wconf 79' lang='lat' dir='ltr'><em>testimoniam</em></span> <span class='ocrx_word' id='word_1_135' title='bbox 434 2058 620 2122; x_wconf 80' lang='lat' dir='ltr'><em>mlslantinm</em></span> <span class='ocrx_word' id='word_1_136' title='bbox 647 2057 774 2119; x_wconf 83' lang='lat' dir='ltr'><em>ostendit</em></span> <span class='ocrx_word' id='word_1_137' title='bbox 792 2055 969 2120; x_wconf 80' lang='lat' dir='ltr'><em>desideriam</em></span> <span class='ocrx_word' id='word_1_138' title='bbox 993 2049 1109 2114; x_wconf 85' lang='lat' dir='ltr'><em>absola-</em></span> 
     </span>
     <span class='ocr_line' id='line_1_21' title="bbox 219 2135 1109 2216; baseline -0.009 -10"><span class='ocrx_word' id='word_1_139' title='bbox 219 2143 320 2206; x_wconf 83' lang='lat' dir='ltr'><em>tionis.</em></span> <span class='ocrx_word' id='word_1_140' title='bbox 334 2146 383 2204; x_wconf 79' lang='lat' dir='ltr'><em>An</em></span> <span class='ocrx_word' id='word_1_141' title='bbox 397 2153 466 2205; x_wconf 85' lang='lat' dir='ltr'><em>tone</em></span> <span class='ocrx_word' id='word_1_142' title='bbox 478 2141 624 2206; x_wconf 78' lang='lat' dir='ltr'><em>absolutio</em></span> <span class='ocrx_word' id='word_1_143' title='bbox 641 2141 743 2206; x_wconf 80' lang='lat' dir='ltr'><em>danda</em></span> <span class='ocrx_word' id='word_1_144' title='bbox 762 2135 1023 2216; x_wconf 63' lang='lat' dir='ltr'><em>strenationem</em></span> <span class='ocrx_word' id='word_1_145' title='bbox 1041 2156 1109 2199; x_wconf 87' lang='lat' dir='ltr'><em>eon·</em></span> 
     </span>
     <span class='ocr_line' id='line_1_22' title="bbox 216 2229 370 2292; baseline -0.026 0"><span class='ocrx_word' id='word_1_146' title='bbox 216 2229 370 2292; x_wconf 78' lang='lat' dir='ltr'><em>ditionall.</em></span> 
     </span>
    </p>

    <p class='ocr_par' dir='ltr' id='par_1_13' title="bbox 100 2312 920 2394">
     <span class='ocr_line' id='line_1_23' title="bbox 100 2312 920 2394; baseline -0.006 -15"><span class='ocrx_word' id='word_1_147' title='bbox 100 2320 159 2380; x_wconf 76' lang='lat' dir='ltr'><em>mr</em></span> <span class='ocrx_word' id='word_1_148' title='bbox 180 2314 259 2392; x_wconf 77' lang='lat' dir='ltr'><em>Qum</em></span> <span class='ocrx_word' id='word_1_149' title='bbox 273 2317 321 2389; x_wconf 88' lang='lat' dir='ltr'><em>‚si</em></span> <span class='ocrx_word' id='word_1_150' title='bbox 338 2312 456 2376; x_wconf 84' lang='lat' dir='ltr'><em>nnllam</em></span> <span class='ocrx_word' id='word_1_151' title='bbox 468 2313 580 2376; x_wconf 83' lang='lat' dir='ltr'><em>‹lederil</em></span> <span class='ocrx_word' id='word_1_152' title='bbox 599 2317 718 2394; x_wconf 81' lang='lat' dir='ltr'><em>sipnnm</em></span> <span class='ocrx_word' id='word_1_153' title='bbox 730 2313 920 2394; x_wconf 75' lang='lat' dir='ltr'><em>poenitentioe.</em></span> 
     </span>
    </p>

    <p class='ocr_par' dir='ltr' id='par_1_14' title="bbox 100 2398 879 2480">
     <span class='ocr_line' id='line_1_24' title="bbox 100 2398 879 2480; baseline -0.006 -17"><span class='ocrx_word' id='word_1_154' title='bbox 100 2404 158 2463; x_wconf 76' lang='grc'><em>485</em></span> <span class='ocrx_word' id='word_1_155' title='bbox 179 2398 259 2476; x_wconf 79' lang='lat' dir='ltr'><em>Quid</em></span> <span class='ocrx_word' id='word_1_156' title='bbox 267 2444 275 2472; x_wconf 93' lang='lat'>‚</span> <span class='ocrx_word' id='word_1_157' title='bbox 291 2399 320 2460; x_wconf 91' lang='lat' dir='ltr'><em>si</em></span> <span class='ocrx_word' id='word_1_158' title='bbox 332 2399 426 2480; x_wconf 77' lang='lat' dir='ltr'><em>feeerit</em></span> <span class='ocrx_word' id='word_1_159' title='bbox 443 2399 600 2460; x_wconf 76' lang='lat' dir='ltr'><em>dealitatem</em></span> <span class='ocrx_word' id='word_1_160' title='bbox 619 2399 653 2460; x_wconf 88' lang='lat' dir='ltr'><em>in</em></span> <span class='ocrx_word' id='word_1_161' title='bbox 673 2407 741 2460; x_wconf 89' lang='lat' dir='ltr'><em>aeln</em></span> <span class='ocrx_word' id='word_1_162' title='bbox 755 2399 879 2479; x_wconf 85' lang='lat' dir='ltr'><em>peceati.</em></span> 
     </span>
    </p>

    <p class='ocr_par' dir='ltr' id='par_1_15' title="bbox 99 2483 1105 2567">
     <span class='ocr_line' id='line_1_25' title="bbox 99 2483 1105 2567; baseline -0.003 -18"><span class='ocrx_word' id='word_1_163' title='bbox 99 2490 160 2551; x_wconf 81' lang='grc'><em>484</em></span> <span class='ocrx_word' id='word_1_164' title='bbox 180 2485 306 2561; x_wconf 80' lang='lat' dir='ltr'><em>Quando</em></span> <span class='ocrx_word' id='word_1_165' title='bbox 318 2484 448 2567; x_wconf 75' lang='lat' dir='ltr'><em>sufficiet</em></span> <span class='ocrx_word' id='word_1_166' title='bbox 461 2485 616 2565; x_wconf 80' lang='lat' dir='ltr'><em>inteprilas</em></span> <span class='ocrx_word' id='word_1_167' title='bbox 627 2483 764 2566; x_wconf 80' lang='lat' dir='ltr'><em>formalis</em></span> <span class='ocrx_word' id='word_1_168' title='bbox 775 2484 809 2547; x_wconf 85' lang='lat' dir='ltr'><em>ob</em></span> <span class='ocrx_word' id='word_1_169' title='bbox 818 2484 983 2566; x_wconf 86' lang='lat' dir='ltr'><em>perimlam</em></span> <span class='ocrx_word' id='word_1_170' title='bbox 991 2485 1105 2548; x_wconf 82' lang='lat' dir='ltr'><em>mortis.</em></span> 
     </span>
    </p>

    <p class='ocr_par' dir='ltr' id='par_1_16' title="bbox 100 2567 1108 2738">
     <span class='ocr_line' id='line_1_26' title="bbox 100 2567 1108 2654; baseline -0.006 -18"><span class='ocrx_word' id='word_1_171' title='bbox 100 2575 159 2636; x_wconf 76' lang='lat' dir='ltr'><em>too</em></span> <span class='ocrx_word' id='word_1_172' title='bbox 181 2577 229 2632; x_wconf 85' lang='lat' dir='ltr'><em>An</em></span> <span class='ocrx_word' id='word_1_173' title='bbox 244 2571 279 2632; x_wconf 88' lang='lat' dir='ltr'><em>in</em></span> <span class='ocrx_word' id='word_1_174' title='bbox 296 2569 425 2652; x_wconf 80' lang='lat' dir='ltr'><em>periculo</em></span> <span class='ocrx_word' id='word_1_175' title='bbox 452 2571 581 2653; x_wconf 75' lang='lat' dir='ltr'><em>eontapii</em></span> <span class='ocrx_word' id='word_1_176' title='bbox 601 2572 697 2654; x_wconf 88' lang='lat' dir='ltr'><em>possit</em></span> <span class='ocrx_word' id='word_1_177' title='bbox 719 2570 915 2653; x_wconf 77' lang='lat' dir='ltr'><em>confessarios</em></span> <span class='ocrx_word' id='word_1_178' title='bbox 939 2567 1108 2643; x_wconf 74' lang='lat' dir='ltr'><em>absolvere,</em></span> 
     </span>
     <span class='ocr_line' id='line_1_27' title="bbox 216 2656 530 2738; baseline 0 -21"><span class='ocrx_word' id='word_1_179' title='bbox 216 2656 320 2718; x_wconf 81' lang='lat' dir='ltr'><em>andito</em></span> <span class='ocrx_word' id='word_1_180' title='bbox 332 2677 394 2719; x_wconf 88' lang='lat' dir='ltr'><em>nno</em></span> <span class='ocrx_word' id='word_1_181' title='bbox 404 2666 530 2738; x_wconf 80' lang='lat' dir='ltr'><em>perroto.</em></span> 
     </span>
    </p>

    <p class='ocr_par' dir='ltr' id='par_1_17' title="bbox 99 2738 777 2825">
     <span class='ocr_line' id='line_1_28' title="bbox 99 2738 777 2825; baseline -0.006 -19"><span class='ocrx_word' id='word_1_182' title='bbox 99 2745 157 2806; x_wconf 83' lang='grc'><em>489</em></span> <span class='ocrx_word' id='word_1_183' title='bbox 176 2744 363 2823; x_wconf 73' lang='lat' dir='ltr'><em>An‘tempore</em></span> <span class='ocrx_word' id='word_1_184' title='bbox 374 2740 542 2822; x_wconf 71' lang='lat' dir='ltr'><em>conflictis,</em></span> <span class='ocrx_word' id='word_1_185' title='bbox 556 2738 777 2825; x_wconf 71' lang='lat' dir='ltr'><em>oelnanfrapii.</em></span> 
     </span>
    </p>

    <p class='ocr_par' dir='ltr' id='par_1_18' title="bbox 99 2825 1106 2994">
     <span class='ocr_line' id='line_1_29' title="bbox 99 2825 1106 2910; baseline 0 -20"><span class='ocrx_word' id='word_1_186' title='bbox 99 2829 157 2890; x_wconf 87' lang='grc'><em>487</em></span> <span class='ocrx_word' id='word_1_187' title='bbox 180 2827 254 2906; x_wconf 83' lang='lat' dir='ltr'><em>Quis</em></span> <span class='ocrx_word' id='word_1_188' title='bbox 265 2838 417 2889; x_wconf 82' lang='lat' dir='ltr'><em>oenseolm</em></span> <span class='ocrx_word' id='word_1_189' title='bbox 427 2825 579 2888; x_wconf 86' lang='lat' dir='ltr'><em>moraliter</em></span> <span class='ocrx_word' id='word_1_190' title='bbox 590 2826 745 2907; x_wconf 81' lang='lat' dir='ltr'><em>impotens.</em></span> <span class='ocrx_word' id='word_1_191' title='bbox 760 2829 803 2889; x_wconf 81' lang='lat' dir='ltr'><em>lit</em></span> <span class='ocrx_word' id='word_1_192' title='bbox 811 2827 900 2910; x_wconf 81' lang='lat' dir='ltr'><em>qnid,</em></span> <span class='ocrx_word' id='word_1_193' title='bbox 920 2829 949 2890; x_wconf 88' lang='lat' dir='ltr'><em>si</em></span> <span class='ocrx_word' id='word_1_194' title='bbox 959 2836 1106 2909; x_wconf 84' lang='lat' dir='ltr'><em>peccatam</em></span> 
     </span>
     <span class='ocr_line' id='line_1_30' title="bbox 216 2908 898 2994; baseline -0.001 -21"><span class='ocrx_word' id='word_1_195' title='bbox 216 2931 278 2973; x_wconf 87' lang='lat' dir='ltr'><em>non</em></span> <span class='ocrx_word' id='word_1_196' title='bbox 289 2914 381 2993; x_wconf 84' lang='lat' dir='ltr'><em>possit</em></span> <span class='ocrx_word' id='word_1_197' title='bbox 389 2911 533 2993; x_wconf 75' lang='lat' dir='ltr'><em>explicari</em></span> <span class='ocrx_word' id='word_1_198' title='bbox 546 2914 610 2972; x_wconf 85' lang='lat' dir='ltr'><em>sine</em></span> <span class='ocrx_word' id='word_1_199' title='bbox 623 2908 780 2972; x_wconf 82' lang='lat' dir='ltr'><em>violatione</em></span> <span class='ocrx_word' id='word_1_200' title='bbox 795 2911 898 2994; x_wconf 73' lang='lat' dir='ltr'><em>sipilli.</em></span> 
     </span>
    </p>

    <p class='ocr_par' dir='ltr' id='par_1_19' title="bbox 99 2996 1009 3078">
     <span class='ocr_line' id='line_1_31' title="bbox 99 2996 1009 3078; baseline -0.002 -17"><span class='ocrx_word' id='word_1_201' title='bbox 99 3000 159 3061; x_wconf 89' lang='grc'><em>488</em></span> <span class='ocrx_word' id='word_1_202' title='bbox 180 2996 311 3073; x_wconf 81' lang='lat' dir='ltr'><em>Quinam</em></span> <span class='ocrx_word' id='word_1_203' title='bbox 328 2997 422 3077; x_wconf 76' lang='lat' dir='ltr'><em>ipitnr</em></span> <span class='ocrx_word' id='word_1_204' title='bbox 432 3005 606 3058; x_wconf 81' lang='lat' dir='ltr'><em>enensentnr</em></span> <span class='ocrx_word' id='word_1_205' title='bbox 621 2996 658 3058; x_wconf 87' lang='lat' dir='ltr'><em>ab</em></span> <span class='ocrx_word' id='word_1_206' title='bbox 668 2997 835 3078; x_wconf 75' lang='lat' dir='ltr'><em>intepritote</em></span> <span class='ocrx_word' id='word_1_207' title='bbox 850 2996 1009 3061; x_wconf 82' lang='lat' dir='ltr'><em>materiali.</em></span> 
     </span>
    </p>

    <p class='ocr_par' dir='ltr' id='par_1_20' title="bbox 100 3079 1111 3247">
     <span class='ocr_line' id='line_1_32' title="bbox 100 3079 1111 3166; baseline 0.003 -22"><span class='ocrx_word' id='word_1_208' title='bbox 100 3084 158 3144; x_wconf 90' lang='grc'><em>489</em></span> <span class='ocrx_word' id='word_1_209' title='bbox 177 3081 225 3141; x_wconf 74' lang='lat' dir='ltr'><em>rin</em></span> <span class='ocrx_word' id='word_1_210' title='bbox 241 3081 282 3142; x_wconf 88' lang='lat' dir='ltr'><em>sit</em></span> <span class='ocrx_word' id='word_1_211' title='bbox 292 3081 432 3162; x_wconf 80' lang='lat' dir='ltr'><em>oblipatio</em></span> <span class='ocrx_word' id='word_1_212' title='bbox 451 3079 611 3160; x_wconf 78' lang='lat' dir='ltr'><em>confitendi</em></span> <span class='ocrx_word' id='word_1_213' title='bbox 633 3090 805 3162; x_wconf 84' lang='lat' dir='ltr'><em>perentam,</em></span> <span class='ocrx_word' id='word_1_214' title='bbox 820 3084 849 3147; x_wconf 88' lang='lat' dir='ltr'><em>si</em></span> <span class='ocrx_word' id='word_1_215' title='bbox 866 3101 928 3147; x_wconf 87' lang='lat' dir='ltr'><em>non</em></span> <span class='ocrx_word' id='word_1_216' title='bbox 936 3086 1033 3166; x_wconf 88' lang='lat' dir='ltr'><em>possit</em></span> <span class='ocrx_word' id='word_1_217' title='bbox 1048 3086 1111 3147; x_wconf 80' lang='lat' dir='ltr'><em>elici</em></span> 
     </span>
     <span class='ocr_line' id='line_1_33' title="bbox 216 3165 654 3247; baseline -0.005 -19"><span class='ocrx_word' id='word_1_218' title='bbox 216 3167 279 3228; x_wconf 84' lang='lat' dir='ltr'><em>sine</em></span> <span class='ocrx_word' id='word_1_219' title='bbox 289 3165 486 3245; x_wconf 83' lang='lat' dir='ltr'><em>infamatione</em></span> <span class='ocrx_word' id='word_1_220' title='bbox 496 3165 654 3247; x_wconf 88' lang='lat' dir='ltr'><em>eomplieis.</em></span> 
     </span>
    </p>

    <p class='ocr_par' dir='ltr' id='par_1_21' title="bbox 100 3247 1106 3413">
     <span class='ocr_line' id='line_1_34' title="bbox 100 3247 1106 3334; baseline 0.006 -23"><span class='ocrx_word' id='word_1_221' title='bbox 100 3252 158 3312; x_wconf 88' lang='grc'><em>499</em></span> <span class='ocrx_word' id='word_1_222' title='bbox 175 3251 226 3310; x_wconf 81' lang='lat' dir='ltr'><em>Ex</em></span> <span class='ocrx_word' id='word_1_223' title='bbox 236 3249 342 3328; x_wconf 84' lang='lat' dir='ltr'><em>qailns</em></span> <span class='ocrx_word' id='word_1_224' title='bbox 354 3251 451 3312; x_wconf 75' lang='lat' dir='ltr'><em>canses</em></span> <span class='ocrx_word' id='word_1_225' title='bbox 458 3247 544 3313; x_wconf 85' lang='lat' dir='ltr'><em>liceat</em></span> <span class='ocrx_word' id='word_1_226' title='bbox 555 3249 921 3334; x_wconf 81' lang='lat' dir='ltr'><em>manifestaremmplieem</em></span> <span class='ocrx_word' id='word_1_227' title='bbox 929 3253 1106 3334; x_wconf 75' lang='lat' dir='ltr'><em>confessario</em></span> 
     </span>
     <span class='ocr_line' id='line_1_35' title="bbox 216 3333 465 3413; baseline 0.008 -19"><span class='ocrx_word' id='word_1_228' title='bbox 216 3333 344 3413; x_wconf 81' lang='lat' dir='ltr'><em>qnienm</em></span> <span class='ocrx_word' id='word_1_229' title='bbox 363 3335 465 3396; x_wconf 85' lang='lat' dir='ltr'><em>noscit.</em></span> 
     </span>
    </p>

    <p class='ocr_par' dir='ltr' id='par_1_22' title="bbox 100 3416 1106 3587">
     <span class='ocr_line' id='line_1_36' title="bbox 100 3416 1106 3507; baseline 0.005 -25"><span class='ocrx_word' id='word_1_230' title='bbox 100 3421 153 3482; x_wconf 85' lang='grc'><em>494</em></span> <span class='ocrx_word' id='word_1_231' title='bbox 177 3416 272 3480; x_wconf 85' lang='lat' dir='ltr'><em>Balla</em></span> <span class='ocrx_word' id='word_1_232' title='bbox 283 3419 394 3481; x_wconf 86' lang='lat' dir='ltr'><em>Benml.</em></span> <span class='ocrx_word' id='word_1_233' title='bbox 405 3423 496 3485; x_wconf 81' lang='lat' dir='ltr'><em>XIV.</em></span> <span class='ocrx_word' id='word_1_234' title='bbox 503 3420 662 3502; x_wconf 76' lang='lat' dir='ltr'><em>prohibens</em></span> <span class='ocrx_word' id='word_1_235' title='bbox 678 3423 830 3503; x_wconf 81' lang='lat' dir='ltr'><em>exquirere</em></span> <span class='ocrx_word' id='word_1_236' title='bbox 845 3426 865 3485; x_wconf 83' lang='lat' dir='ltr'><em>o</em></span> <span class='ocrx_word' id='word_1_237' title='bbox 882 3427 1038 3507; x_wconf 81' lang='lat' dir='ltr'><em>ponitenle</em></span> <span class='ocrx_word' id='word_1_238' title='bbox 1053 3443 1106 3487; x_wconf 93' lang='lat' dir='ltr'><em>no·</em></span> 
     </span>
     <span class='ocr_line' id='line_1_37' title="bbox 215 3503 575 3587; baseline 0.011 -24"><span class='ocrx_word' id='word_1_239' title='bbox 215 3521 283 3564; x_wconf 91' lang='lat' dir='ltr'><em>men</em></span> <span class='ocrx_word' id='word_1_240' title='bbox 296 3503 444 3586; x_wconf 82' lang='lat' dir='ltr'><em>oonrpliois</em></span> <span class='ocrx_word' id='word_1_241' title='bbox 454 3506 575 3587; x_wconf 79' lang='lat' dir='ltr'><em>precati.</em></span> 
     </span>
    </p>

    <p class='ocr_par' dir='ltr' id='par_1_23' title="bbox 24 3587 920 3668">
     <span class='ocr_line' id='line_1_38' title="bbox 24 3587 920 3668; baseline 0.004 -18"><span class='ocrx_word' id='word_1_242' title='bbox 24 3588 26 3637; x_wconf 63' lang='grc' dir='ltr'>Ὺ</span> <span class='ocrx_word' id='word_1_243' title='bbox 100 3589 157 3650; x_wconf 65' lang='grc'><em>494</em></span> <span class='ocrx_word' id='word_1_244' title='bbox 176 3588 328 3650; x_wconf 84' lang='lat' dir='ltr'><em>Sentmtia</em></span> <span class='ocrx_word' id='word_1_245' title='bbox 340 3593 486 3668; x_wconf 78' lang='lat' dir='ltr'><em>auctoris,</em></span> <span class='ocrx_word' id='word_1_246' title='bbox 499 3587 710 3657; x_wconf 69' lang='lat' dir='ltr'><em>ielnollo&#39;easa</em></span> <span class='ocrx_word' id='word_1_247' title='bbox 727 3611 786 3656; x_wconf 89' lang='lat' dir='ltr'><em>esse</em></span> <span class='ocrx_word' id='word_1_248' title='bbox 797 3589 920 3656; x_wconf 80' lang='lat' dir='ltr'><em>licitam.</em></span> 
     </span>
    </p>
   </div>
   <div class='ocr_carea' id='block_1_11' title="bbox 1206 697 1208 754">
    <p class='ocr_par' dir='ltr' id='par_1_24' title="bbox 1206 697 1208 754">
     <span class='ocr_line' id='line_1_39' title="bbox 1206 697 1208 754; baseline 0 0"><span class='ocrx_word' id='word_1_249' title='bbox 1206 697 1208 754; x_wconf 86' lang='lat' dir='ltr'><em>l</em></span> 
     </span>
    </p>
   </div>
   <div class='ocr_carea' id='block_1_12' title="bbox 0 0 1230 3975">
    <p class='ocr_par' dir='ltr' id='par_1_25' title="bbox 0 0 1230 3975">
     <span class='ocr_line' id='line_1_40' title="bbox 0 0 1230 3975; baseline 0 0"><span class='ocrx_word' id='word_1_250' title='bbox 0 0 1230 3975; x_wconf 95' lang='lat' dir='ltr'><em> </em></span> 
     </span>
    </p>
   </div>
  </div>
 </body>
</html>
