2450 3975
129 184 189 245 494
367 178 433 242 tit.
446 181 474 241 o.
501 180 598 240 Troct.
613 180 641 240 4.
659 178 703 239 De
715 178 898 258 pauitantia.

120 310 135 339 a
161 284 249 346 σανα.
279 284 315 347 de
331 284 413 363 Lupo
435 280 466 343 d.
487 280 536 343 95.
562 288 629 341 sect.
647 282 676 341 4.
694 298 727 339 u.
751 280 800 340 aa.
816 281 853 340 ll.
878 279 908 339 Si
932 278 1083 357 poenitens
1102 286 1137 344 sit

121 392 135 420 υ
159 371 265 429 mentis
278 370 392 447 impos,
416 375 468 426 aut
485 365 571 424 aliter
586 366 753 443 impotens,
774 373 825 424 aut
845 364 935 425 morti
956 368 1136 443 proximus,

121 478 134 505 n
158 454 305 515 autralde
319 452 442 523 debilis,
459 450 506 511 cui
527 458 627 509 tamen
644 450 810 528 prudenter
831 449 946 529 injungi
966 451 1064 513 levem
1081 456 1137 514 sal-

119 562 132 589 »
159 546 217 596 tem
237 537 460 616 poenitentiam,
477 553 508 593 v.
530 552 576 612 gr.
599 536 818 611 percussionem
847 536 990 611 pectoris,
1016 537 1138 601 invom-

118 648 131 673 »ι
158 623 271 684 tionem
295 620 423 683 nominis
444 619 641 698 teutonum
670 618 770 696 corde)
795 618 904 679 aliosve
930 619 994 698 pios
1014 630 1135 695 motus,

119 732 133 757 υ
157 707 205 768 vel
234 718 269 769 ut
300 724 353 785 per
377 703 508 764 haerodes
539 703 698 774 sacrificia,
722 704 939 781 eleemosynas,
970 714 1001 765 et
1026 708 1136 769 similia

118 816 132 844 a
156 810 246 871 opera
265 793 313 871 pia
334 790 400 850 lieri
415 797 520 857 curet,
540 797 666 848 monent
684 790 817 861 Suurez,
841 790 946 867 [αμα.
972 798 1002 849 et
1019 794 1136 853 Bouoc.

118 901 132 929 n
157 874 179 936 l.
194 896 217 937 c.
232 880 383 937 etNooor.
401 874 453 953 qui
467 873 570 946 addit,
584 892 668 954 posse
687 872 821 952 injungi,
838 883 872 933 ut
893 876 1043 951 patienter
1061 878 1137 937 ferat
1204 879 1209 898 ⁴

118 986 132 1015 a
157 960 382 1033 infirmitatem,
396 958 478 1037 quod
505 968 605 1019 tamen
627 963 740 1020 Boutta.
759 956 781 1018 l.
795 978 820 1019 c.
837 976 897 1017 non
918 960 1046 1039 probat;
1068 962 1136 1023 cum

118 1070 132 1095 ι·
155 1044 220 1103 fieri
242 1046 334 1122 possit
345 1089 353 1113 ,
366 1052 400 1103 ut
415 1042 447 1103 id
460 1042 546 1104 valde
561 1052 650 1122 angat
663 1044 835 1111 infirmum,
852 1044 1007 1104 timentem
1028 1064 1060 1105 se
1076 1066 1137 1107 non

117 1155 131 1183 ι
154 1128 213 1191 rite
228 1130 403 1191 satisfacere.
425 1155 439 1183 ιι
464 1130 556 1208 (Noto
578 1128 625 1190 tur
640 1126 718 1209 quod
736 1127 860 1190 babetur
875 1129 909 1187 iu
933 1126 1054 1190 attuatt
1079 1134 1137 1193 Ro-

117 1232 234 1275 mono.-
256 1216 350 1293 AEgris
373 1234 434 1275 non
452 1232 516 1274 esse
532 1212 742 1293 injungendam
762 1232 880 1293 gravem
904 1216 1136 1291 poenirentiam,

118 1300 169 1359 sed
180 1298 369 1360 indicendam
381 1298 499 1361 tantum
512 1300 614 1369 illam,
631 1300 768 1377 quamsi
784 1300 998 1377 convaluerint,
1026 1320 1137 1379 oppon

118 1392 193 1444 tuno
215 1393 349 1462 tempore
363 1393 515 1463 peragant.
529 1386 570 1445 Et
587 1383 664 1443 ideur
680 1380 789 1443 dicitur
801 1385 835 1445 iu
847 1401 913 1443 cau.
934 1383 976 1445 Ab
992 1383 1134 1463 infirmae.
1208 1450 1209 1465 χ

117 1486 200 1528 rous.
224 1470 274 1529 96.
289 1487 341 1548 qu.
359 1472 391 1529 7.
404 1468 520 1529 Dicunt
543 1476 642 1527 cutem
657 1464 751 1527 Saba.
775 1465 847 1528 ibid.
872 1486 904 1527 u.
921 1470 971 1527 94.
992 1468 1027 1527 iu
1037 1468 1097 1549 fin.
1110 1478 1138 1529 et

117 1550 231 1611 Diroat.
246 1551 277 1612 d.
293 1555 342 1613 tt.
356 1551 427 1614 dub.
444 1554 474 1613 9.
490 1571 521 1613 α.
536 1555 584 1612 tl.
601 1550 681 1631 quod
703 1551 732 1611 si
745 1550 885 1631 infirmus
897 1560 992 1633 potest
1010 1552 1136 1633 satisfu-

118 1654 178 1696 eere
189 1656 243 1719 per
263 1635 477 1719 eleemosynas,
496 1635 681 1717 impoueudoe
693 1644 765 1697 suut
783 1639 803 1695 d
818 1634 1018 1718 confessario).
1046 1662 1060 1691 o
1081 1642 1132 1701 lll.

117 1744 132 1775 a
156 1723 280 1797 Quando
305 1725 494 1801 scrupulosus
524 1720 630 1801 saepius
648 1722 727 1782 intra
748 1722 891 1781 ¹camdem
928 1721 1033 1782 horam
1057 1727 1136 1789 redit

118 1830 132 1859 a
156 1825 225 1865 cum
241 1809 325 1868 noris
339 1809 432 1885 culpis
444 1828 454 1883 3
465 1807 534 1886 quia
553 1808 731 1887 supponitur
748 1806 817 1867 satis
839 1807 978 1886 imposita
1000 1808 1045 1891 in·
1054 1828 1138 1888 prae·

118 1915 132 1943 n
156 1890 339 1951 cedentibus.
356 1896 434 1953 Ταα.
450 1888 471 1953 l.
484 1894 515 1953 4.
531 1910 555 1952 o.
571 1893 600 1952 l.
616 1910 652 1952 eo
663 1889 801 1973 Fopund.

160 2033 174 2062 ι
192 2009 222 2068 9.
240 2009 300 2068 Etsi
319 2010 512 2070 confessarius
534 2019 635 2088 peccet
654 2027 691 2070 ex
707 2011 879 2082 communi,
896 2010 921 2070 si
943 2029 998 2090 pro
1018 2016 1135 2090 magnis

117 2119 131 2149 n
156 2095 282 2172 peccatis
314 2093 399 2153 valde
428 2113 549 2172 parvam
578 2096 786 2172 poenitentiam
814 2097 965 2173 imponat,
999 2101 1134 2158 excusari

117 2207 131 2236 a
156 2191 256 2240 tamen
288 2198 357 2241 eum
381 2197 465 2258 posse
488 2187 571 2256 putat
596 2177 703 2238 Diouo
733 2198 767 2260 p.
792 2181 822 2239 5.
849 2188 869 2238 t.
893 2183 923 2239 4.
944 2197 1002 2240 res.
1031 2183 1083 2242 99.
1109 2185 1133 2244 si

118 2291 132 2318 a
156 2266 245 2326 addat
257 2266 332 2325 illud
347 2288 355 2323 ε
373 2263 526 2344 Quidquid
543 2263 612 2326 boui
622 2262 739 2343 seceris,
757 2271 810 2325 etc.
826 2263 937 2324 Verum
951 2264 1014 2326 llaec
1029 2271 1135 2346 re‘gula

118 2375 132 2404 a
156 2353 362 2411 universaliter
376 2351 492 2411 admitti
506 2369 565 2410 non
589 2359 706 2428 potest,
723 2359 758 2410 ut
778 2349 853 2410 bene
873 2359 976 2410 notant
992 2350 1084 2412 Cord.
1100 2352 1135 2414 de

119 2461 132 2488 ι
156 2438 237 2517 lupo
266 2435 296 2496 d.
320 2439 368 2498 95.
391 2456 424 2496 u.
447 2437 495 2496 57.
518 2436 622 2496 Couiu.
648 2439 776 2496 Touucr.
799 2431 930 2510 Patous,
954 2443 1134 2501 decontra

117 2547 131 2573 n
157 2539 230 2598 quos
243 2519 348 2581 Diouo
372 2541 427 2600 pro
440 2539 471 2580 se
490 2523 560 2580 citat
576 2524 718 2582 Boouet
740 2519 850 2582 Leoud.
875 2539 907 2601 p.
925 2522 954 2580 6.
984 2528 1008 2580 t.
1027 2523 1058 2580 7.
1075 2541 1132 2585 res.

118 2609 186 2666 »5‚
211 2614 240 2665 et
266 2625 299 2687 p.
320 2609 350 2668 9.
376 2616 398 2668 t.
418 2609 448 2668 9.
470 2604 555 2667 aeaut
584 2608 633 2668 bt.
656 2615 686 2666 ct
713 2606 750 2666 ab
781 2606 846 2665 aliis
879 2625 939 2664 non
979 2606 1134 2671 immerito

117 2718 131 2746 a
154 2691 310 2767 rejicitur,
325 2693 361 2754 eb
379 2692 460 2770 quid
478 2693 588 2766 verba,
611 2701 713 2772 utpote
733 2690 814 2754 merb
836 2690 1057 2768 deprecatoria,
1073 2711 1133 2754 non

117 2804 130 2830 »ι
155 2776 282 2836 habeant
302 2777 365 2836 vim
393 2777 526 2838 elevandi
557 2777 656 2838 omnia
687 2795 777 2856 opera
802 2777 879 2836 bona
908 2775 946 2835 ad
972 2775 1133 2839 efficaciam
1208 2849 1209 2854 η

118 2889 131 2916 2·
155 2862 406 2922 sacramentalem.
417 2863 528 2924 Aversa
542 2870 647 2944 quoest.
662 2864 709 2924 to.
724 2870 789 2922 sect.
805 2865 836 2922 7.

157 2985 263 3050 Utrum
279 3003 333 3064 per
355 2987 404 3045 illa
422 2986 510 3046 verba
524 3007 531 3047 :
547 2985 700 3070 Quidquid
724 2985 793 3049 boui
812 2984 933 3068 feceris,
948 2993 1002 3048 etc.
1017 2989 1133 3049 eleven-

117 3087 166 3135 tur
178 3073 213 3133 ad
231 3071 368 3132 effectum
380 3072 584 3132 satisfactionis
595 3073 813 3132 sacramentalis
829 3074 929 3133 omnia
942 3073 1019 3132 bona
1041 3091 1131 3153 opera

116 3160 306 3242 poenitentis,
323 3157 392 3219 ticet
411 3177 470 3218 non
493 3159 654 3236 imposita?
669 3161 763 3236 Negat
782 3157 858 3220 Vico
877 3175 906 3238 q.
934 3161 962 3219 a.
991 3175 1023 3218 α.
1045 3161 1075 3219 4.
1098 3179 1128 3219 α.

116 3253 144 3308 5.
160 3248 229 3326 quia
251 3246 349 3306 virtus
368 3245 495 3304 clavium
513 3244 579 3305 tdm
600 3247 696 3304 elevat
723 3245 895 3322 poenitentis
925 3261 1036 3321 opera,
1061 3245 1130 3306 etim
1208 3295 1209 3300 ,

115 3336 207 3408 ligat3
221 3340 419 3408 quapropter,
432 3329 499 3390 etim
518 3328 606 3388 uerbo
629 3331 678 3388 illa
701 3331 737 3389 ad
756 3329 833 3392 nihil
854 3330 985 3408 obligent
1001 3329 1034 3389 in
1062 3349 1130 3410 par·

115 3413 248 3488 ticulari,
271 3432 332 3474 nou
352 3415 444 3490 ligat,
459 3424 489 3473 ct
508 3424 723 3492 consequenter
746 3433 799 3474 nec
818 3433 907 3492 opera
926 3415 1036 3474 elevari
1062 3433 1130 3494 pos·
1208 3455 1209 3460 κ

111 3501 192 3548 sunt.
219 3496 277 3554 Sed
298 3496 386 3572 longb
415 3497 597 3573 probabilius
625 3507 654 3556 et
678 3499 866 3559 communitis
888 3517 924 3558 cx
957 3501 998 3558 D.
1025 3497 1128 3559 Tbout.

111 3571 351 3635 atlirmantNuo.
364 3597 389 3637 c.
403 3582 452 3638 96.
466 3600 498 3638 u.
515 3585 563 3640 94.
590 3579 658 3642 Fttt.
673 3589 711 3641 tr.
729 3585 758 3643 8.
769 3603 793 3642 α.
809 3585 839 3644 9.
855 3581 949 3645 Saltu.
966 3581 1002 3644 de
1021 3583 1127 3663 punit.
