2450 3975
285 182 357 259 Cap.
373 181 402 240 i.
418 180 463 240 De
475 176 687 260 satisfactione.
701 178 781 241 Dub.
795 179 825 239 i.
840 179 903 239 Art.
920 180 948 237 t.
1048 178 1105 245 4⁶29

132 279 266 343 &wacta
282 278 426 341 sententia
445 280 593 352 affirmat,
609 298 733 357 eamque
755 287 856 339 tenent
869 274 984 339 Patous
1003 296 1034 358 p.
1053 278 1102 339 ti.

91 367 119 451 S.
139 364 196 428 att.
216 386 247 427 a.
265 366 294 425 7.
314 362 570 426 esttamen.
592 382 659 425 cum
677 362 785 425 Saucia.
805 368 917 426 Bonae.
939 371 967 423 et
986 366 1102 435 Henna,

92 475 127 517 no
144 453 329 534 probabilem
348 460 455 512 vocant
473 452 560 531 Spar.
573 459 600 511 et
617 448 711 511 Salon.
728 448 760 511 ll.
779 468 819 512 ee.
840 468 907 510 cum
922 450 1100 528 taceaco.

92 543 153 615 Sa,
174 534 397 598 attestante.
418 538 507 596 Fam.
529 544 583 597 etc.
604 536 710 609 Ratio,
731 536 799 613 quia
819 533 887 595 eum
907 544 1022 614 peccata
1039 532 1101 609 jam

91 623 205 683 suerint
222 620 239 681 i
258 620 411 700 superiore
430 619 582 691 absoluta,
601 629 645 679 εει
666 618 789 680 omuino
810 619 904 679 ablata
923 618 1102 688 reservatio,¹

92 718 124 767 ot
141 714 296 768 remanent
317 706 368 766 ilia
389 712 505 783 peecata
527 706 719 780 communia,
740 704 820 764 unde
839 703 863 763 si
886 703 1031 782 poenitens
1054 702 1103 760 illa

92 789 202 852 iterum
221 789 357 868 subjiciat
377 788 533 861 interiori,
553 798 650 867 potest
672 787 722 848 hia
741 806 852 850 novum
872 788 909 849 de
923 789 964 847 eis
976 788 1104 847 formano

88 876 258 953 judicium,
276 895 310 935 uc
326 875 454 954 proinde
475 875 679 952 poenitentiam
700 882 892 934 commutare.
906 876 966 935 Nec
988 872 1102 944 obstat,

92 971 128 1022 ut
148 960 270 1030 dieunt,
290 958 371 1038 qrriad
393 959 518 1019 interior
538 967 713 1036 potestatem
735 978 796 1019 non
812 957 918 1019 habeat
936 960 966 1019 in
986 966 1104 1018 senten·

91 1049 166 1108 tiam
179 1044 355 1123 superioris,
372 1062 442 1104 nam
462 1044 582 1122 quando
600 1044 713 1103 sublata
732 1053 775 1103 εει
788 1044 966 1115 reservatio,
979 1052 1104 1120 uterquc

91 1129 227 1191 camdem
241 1127 330 1189 hahet
342 1137 527 1207 potestatem.
541 1129 593 1187 tlis
607 1136 706 1189 tamen
721 1146 780 1187 non
794 1129 994 1200 obstantibus,
1007 1128 1103 1207 prima

91 1215 238 1277 sententia
259 1212 332 1275 mihi
349 1214 483 1275 arridet:
500 1230 569 1272 nam
583 1211 654 1273 licit
670 1213 793 1273 interior
809 1212 858 1273 hic
873 1223 902 1273 et
920 1231 999 1273 nunc
1014 1213 1104 1291 possit

91 1318 206 1362 novum
231 1298 361 1359 formare
382 1296 530 1374 judicium
555 1314 645 1375 super
669 1298 719 1357 ilia
744 1305 881 1376 peccata,
905 1299 930 1357 si
952 1296 1054 1357 rursirs
1076 1297 1103 1357 ei

93 1386 285 1455 (tolerantur,
312 1392 411 1442 tamen
438 1382 552 1441 nuliam
574 1383 637 1459 ipse
664 1380 753 1441 habet
776 1383 941 1443 facultatem
970 1381 1103 1443 mutandi

92 1470 269 1531 sententiam
289 1467 449 1545 superioris
473 1467 506 1527 in
525 1465 641 1544 judicio
666 1466 748 1547 priirs
767 1468 804 1527 ab
831 1486 865 1529 eo
887 1470 972 1543 lato,
993 1467 1105 1547 princi·

93 1556 178 1635 pium
195 1553 276 1612 enim
294 1560 408 1612 certum
427 1559 489 1624 est,
512 1551 593 1629 quod
614 1553 737 1612 inferior
759 1552 833 1612 nihil
855 1561 949 1630 potest
962 1554 993 1611 in
1010 1555 1104 1631 legem

92 1639 265 1718 superioris.
284 1636 438 1697 Probabile
453 1643 552 1696 autem
566 1646 639 1715 puto
664 1637 696 1697 id
720 1638 799 1715 quod
822 1636 924 1697 dicunt
946 1640 1058 1707 Bonae.
1070 1656 1101 1717 p.

93 1727 126 1786 5.
138 1742 170 1783 n.
182 1724 212 1781 ti.
223 1728 251 1781 et
260 1720 354 1783 Renzi
364 1718 385 1779 t.
401 1738 426 1780 ε.
437 1738 504 1779 cum
512 1722 626 1780 Suarez
636 1765 644 1794 ,
656 1724 748 1782 Hcar.
756 1720 864 1781 Viator.
876 1720 956 1782 Med.
965 1720 1101 1801 Fapnad.

91 1818 146 1871 ete.
168 1808 246 1885 quod
266 1806 392 1867 secunda
411 1808 554 1869 sententia
579 1809 670 1887 possit
690 1809 787 1867 locum
811 1806 938 1884 nahem,
960 1810 988 1868 si
1006 1809 1103 1887 gravis

92 1893 243 1957 accederet
262 1910 344 1952 causa
358 1936 366 1964 ,
381 1899 411 1952 ct
425 1910 485 1951 non
499 1901 574 1951 esset
592 1893 683 1953 sacilis
701 1910 829 1952 accessus
848 1893 885 1952 ad
904 1894 1103 1971 superiorem,

91 1981 162 2060 quia
184 1989 256 2038 tunc
276 1977 401 2038 interior
421 1977 504 2038 licite·
521 1986 619 2055 posset
639 1978 842 2058 peonitentiam
864 1989 1045 2041 commutare
1068 2001 1104 2042 er

91 2072 271 2146 praesumpta
288 2063 449 2140 superioris
467 2064 667 2124 conniventia.

132 2149 292 2208 Dubitatur
309 2149 340 2206 5.
358 2148 404 2206 An
428 2149 621 2208 confessarius
640 2150 732 2229 possit
753 2159 935 2212 commutare
957 2154 1103 2230 poeniten·

92 2236 165 2297 tiam
184 2243 264 2292 extra
284 2233 521 2294 consessionem?
539 2235 661 2312 Certum
684 2244 747 2306 est,
766 2235 845 2313 quod
866 2236 940 2293 alter
961 2237 1102 2298 contessa-

90 2323 156 2383 rius
178 2318 282 2396 nequit
304 2326 386 2378 extra
409 2318 621 2378 consessionem
646 2327 761 2380 mutare
787 2319 988 2397 poenitentiam
1014 2324 1102 2383 ctiam

91 2405 233 2483 injustam
256 2401 273 2462 i
296 2404 392 2481 primo
416 2403 609 2482 impositam,
634 2413 668 2463 ut
692 2422 760 2464 eum
783 2405 933 2464 communi
959 2409 1103 2466 sententia

90 2493 196 2550 dicunt
216 2487 320 2548 Diana
337 2507 371 2569 p.
387 2489 418 2548 2.
442 2495 527 2548 tract.
546 2490 596 2548 tt.
614 2507 642 2548 r.
661 2489 708 2548 55.
725 2489 837 2567 (ceretro
853 2485 950 2548 Vater.
965 2497 993 2548 et
1007 2490 1102 2551 Victo-

91 2571 169 2650 reil.)
183 2569 277 2633 Salat.
300 2570 373 2633 itta.
396 2591 429 2632 a.
450 2574 500 2633 tt.
523 2579 551 2633 et
569 2574 658 2634 Croia
680 2593 711 2633 n.
733 2575 821 2634 7795.
842 2591 908 2634 eane
927 2576 1028 2654 Lupo,
1051 2576 1102 2653 qui

91 2656 201 2721 meriti)
221 2656 386 2736 oppositam
410 2666 494 2717 vocat
512 2657 751 2736 improbabilem.
762 2660 791 2718 Si
805 2658 875 2717 veria
889 2659 928 2717 sit
941 2659 1019 2718 idem
1033 2677 1102 2719 con-

89 2743 229 2808 fossarius
246 2742 297 2819 qui
321 2742 526 2819 poenitenciam
549 2743 711 2820 imposuit,
735 2751 833 2803 censet
851 2740 978 2803 Coniaeic
999 2762 1031 2804 a.
1052 2746 1101 2805 aa.

90 2828 202 2893 dab-8.
213 2827 248 2886 ia
257 2823 335 2906 fine,
348 2845 417 2886 eum
435 2845 519 2906 posse
531 2828 734 2908 poenitentiam
748 2837 928 2888 commutare
939 2837 1019 2886 extra
1034 2847 1105 2889 con·

90 2913 265 2983 sessionem,
283 2911 333 2971 sed
353 2930 414 2972 non
433 2911 509 2972 utera
528 2911 617 2991 quiam
635 2914 711 2974 inira
733 2913 871 2973 eumdem
887 2913 965 2973 diem
976 2934 984 2988 3
997 2915 1105 2994 Sperat·

92 2997 216 3059 verina.
234 2997 303 3057 586.
317 3014 383 3056 eum
399 2999 483 3074 Sota,
498 3005 527 3057 et
548 2995 664 3059 Valeat.
678 2999 810 3059 extendit
821 2997 857 3058 ad
870 2999 945 3058 infra
960 2999 1083 3059 biduum
1097 3022 1105 3076 3

92 3079 232 3146 Busemb.
246 3088 275 3141 et
286 3077 423 3142 Dianai.
437 3100 463 3141 e.
479 3099 548 3141 cum
559 3085 655 3143 near.
667 3081 862 3148 tettaatt.
876 3090 927 3143 etc.
941 3085 1105 3144 extendunt

32 3203 35 3206 ⁴
89 3169 130 3229 ad
149 3166 382 3240 hebdomadam,
404 3165 465 3227 imo
478 3169 560 3247 Lupo
573 3210 581 3239 ‚
596 3171 725 3245 Aversa,
744 3167 819 3230 Gaia.
838 3175 891 3228 ete.
910 3167 996 3249 aput·
1008 3166 1100 3229 Salia.

89 3256 141 3316 cit.
158 3272 192 3313 a.
211 3253 261 3313 rt.
281 3251 311 3312 id
328 3253 507 3330 permittunt
525 3251 622 3312 adhue
642 3271 698 3331 per
717 3254 833 3332 longius
854 3253 1101 3317 intervallorum

91 3335 192 3400 verinis
201 3345 274 3416 puto
286 3336 444 3397 dicendum
452 3354 520 3397 cum
529 3339 673 3397 sententia
685 3336 896 3408 communiori,
906 3355 994 3417 quam
1003 3347 1104 3400 tenent

89 3425 173 3488 Bon.
184 3441 216 3502 p.
230 3423 260 3482 5.
273 3440 306 3481 n.
321 3423 350 3483 7.
366 3425 452 3483 Coae.
462 3440 496 3502 p.
509 3424 578 3482 455.
593 3441 628 3482 a.
644 3424 693 3483 17.
707 3430 735 3483 et
744 3418 837 3484 Salat.
850 3419 923 3484 itta.
937 3441 1003 3483 oum
1013 3424 1102 3483 Suae.

94 3510 174 3570 Nau.
188 3504 271 3586 Syia.
284 3509 380 3588 Vepa,
395 3509 465 3590 Rep.
483 3510 617 3587 Proepos.
639 3516 667 3567 et
679 3507 747 3568 Die.
766 3507 798 3568 id
819 3507 934 3568 tantum
952 3527 1035 3586 posse
1053 3509 1103 3569 ad·

91 3592 193 3666 mitti,
216 3591 241 3650 si
260 3591 314 3652 fiat
337 3592 437 3652 statim
460 3601 527 3672 post
549 3591 764 3653 absolutionem
784 3601 941 3672 antequam
960 3593 1104 3670 poenitens
